2042 2662
964 170 1017 210 31

143 280 323 325 monitus,
345 278 437 327 quid
453 279 594 325 justum
611 279 842 325 injustumve
862 279 923 325 sit,
946 280 1086 327 optime
1096 279 1279 316 didicerit.
1290 281 1323 328 *)
1356 281 1443 328 Qua
1456 279 1609 328 quidem
1620 291 1708 313 cnm
1720 278 1837 314 animi

140 336 328 383 aequitate
348 345 461 383 saepe
477 334 588 370 etiam
603 344 776 381 magnam
792 333 910 369 animi
924 335 1166 382 conjungebat
1181 335 1403 371 hilaritatem
1419 342 1454 371 et
1468 336 1670 383 ingenuam
1686 333 1839 381 vitupe-

143 390 299 426 rationis
322 389 367 425 iu>
385 390 535 426 laudem
559 390 621 424 sui
643 388 918 423 convertendae
936 396 1064 434 artem,
1089 389 1140 436 **)
1173 402 1267 437 qua,
1299 403 1417 437 quum
1440 390 1660 438 impediret,
1686 388 1838 435 quomi-

144 456 217 481 nus
239 444 302 489 iis,
327 444 392 492 qui
414 445 491 490 ejus
507 442 693 479 -monendi
718 454 847 477 curam
870 443 1056 490 gerebant,
1079 445 1248 479 molestia
1273 456 1322 480 ex
1344 445 1414 479 hac
1435 457 1478 479 re
1495 450 1698 488 crearetur,
1721 441 1838 476 simul

145 500 187 537 id
210 499 298 535 iude
319 500 393 535 sibi
417 498 493 546 ipsi
515 498 663 546 paravit
677 492 945 541 commodssut
967 499 1008 535 hi
1034 497 1070 534 et
1090 499 1267 535 libentius
1292 512 1378 535 eum
1402 499 1585 546 docerent,
1611 505 1659 545 et,
1683 498 1718 534 si
1742 508 1838 545 quae

150 553 459 603 reprehendenda
478 558 593 597 erant,
617 553 748 587 mitius
771 552 1120 590 animadverterent.

238 609 311 646 Sed
336 607 428 657 quid
448 607 612 653 mirum,
642 620 729 643 eum
753 614 829 643 tam
850 607 938 644 raro
962 607 1105 656 aliquid
1129 607 1349 656 deliquisse,
1381 621 1499 657 quum
1528 608 1562 644 ei
1586 607 1720 644 virtuti
1743 617 1836 655 opo-

144 677 228 701 ram
252 664 372 708 daret,
398 675 493 710 quae
517 663 688 698 omnium
710 664 897 698 virtutum
919 662 1072 698 domina
1096 670 1133 698 et
1153 664 1282 710 regina
1304 665 1483 711 appellari
1506 670 1694 706 meretur,
1717 673 1836 709 quum

147 719 277 756 eadem
299 719 379 754 sola
403 718 525 757 omnis
549 730 662 754 verae
684 717 836 754 virtutis
860 730 905 753 ac
926 718 1073 766 pietatis
1098 719 1180 767 ipsa
1203 719 1366 766 genitrix
1390 725 1425 754 et
1455 718 1538 753 fons
1570 717 1746 766 perennis
1775 716 1835 759 sit,

146 776 215 818 ita,
239 781 283 810 ut
306 786 348 809 ea
372 773 522 808 absente
535 774 639 819 nulla
662 774 748 818 aliq
773 785 1018 821 quaecunque
1040 775 1100 819 sit,
1125 774 1246 809 virtus
1271 775 1360 809 satis
1383 774 1493 810 firma
1517 780 1551 808 et
1574 779 1744 809 constans
1767 772 1837 806 ha-

145 830 229 866 beri
262 830 407 878 possit?
454 829 524 865 Est
554 840 597 863 ea
617 834 743 864 autem
772 828 863 864 haec
893 829 1037 874 virtus,
1073 841 1147 876 qua
1171 829 1258 876 quis
1279 829 1340 864 sui
1364 829 1484 877 ipsius
1509 827 1550 864 fit
1573 827 1836 863 attentissimus

147 886 367 922 observator-
404 896 637 931 suorumque
671 884 918 919 consiliorum
955 884 1139 927 omnium,
1157 890 1192 919 et
1220 883 1406 919 factorum
1434 884 1665 930 justissimus
1697 882 1836 918 arbiter

144 946 181 976 et
196 940 458 975 severissimus
481 951 625 975 censor.
672 938 812 975 Talem
824 939 976 974 cernitis
992 940 1151 987 Cyrum,
1175 940 1254 985 qui,
1279 951 1397 985 quum
1420 945 1526 973 antea
1540 950 1656 984 ,aegre
1677 938 1835 980 tulisset,

138 994 246 1044 >qued
277 996 385 1031 Sacas
409 994 589 1041 pincerna
609 993 687 1040 ipsi
710 992 855 1026 aditum
877 992 923 1026 ad
951 1003 1069 1026 avum
1096 992 1286 1027 interdum
1317 993 1579 1039 denegaverat,
1602 999 1731 1039 postea
1754 992 1836 1038 ipse

144 1050 219 1085 sibi
228 1050 325 1085 hanc
339 1049 459 1095 legem
470 1047 595 1082 rarius
606 1045 769 1081 adeundi
791 1057 907 1081 avum
929 1045 1140 1092 imponeret
1147 1058 1162 1089 3
1185 1043 1256 1090 ***)
1283 1046 1362 1092 qui,
1387 1058 1506 1093 quum
1524 1053 1629 1081 antea
1643 1046 1837 1093 loquacior

114 1139 120 1143 ,
145 1111 253 1150 esset,
275 1115 368 1139 mox
391 1102 518 1139 verbis
540 1101 662 1149 magis
681 1106 860 1149 parceret,
881 1100 948 1144 ita,
971 1105 1013 1135 ut
1036 1111 1123 1135 cum
1146 1100 1359 1135 senioribus
1383 1102 1627 1146 conveniens,
1653 1101 1720 1137 ubi
1745 1107 1840 1136 esset

144 1158 365 1203 dicendum,
395 1169 505 1205 saepe
529 1156 762 1192 erubesceret
769 1168 783 1199 3
805 1153 850 1200 †)
884 1155 951 1202 qui
972 1154 1093 1199 idem,
1125 1167 1244 1201 quum
1266 1156 1337 1191 hac
1359 1156 1401 1191 in
1429 1169 1472 1191 re
1502 1157 1555 1192 ita
1586 1169 1627 1191 se
1649 1163 1835 1192 mutatum

146 1215 397 1258 observasset,
428 1219 472 1248 ut
493 1224 555 1247 res
578 1211 620 1247 in
642 1211 780 1246 vitium
803 1216 1034 1256 verteretur,
1062 1209 1202 1246 iterum
1226 1211 1398 1246 animum
1420 1211 1494 1248 sibi
1518 1211 1682 1258 adderet,
1718 1218 1754 1247 et
1781 1211 1835 1247 sic

143 1266 280 1316 justam
301 1269 522 1316 temperiem
545 1266 779 1302 adscisceret.
798 1263 879 1312 ††)

237 1323 394 1360 Habetis
416 1324 493 1368 jam
516 1320 612 1369 Gyri
634 1321 746 1369 pueri
767 1320 954 1356 virtutum
975 1319 1179 1367 imaginem
1203 1320 1428 1367 absolutam,
1453 1324 1522 1368 ita,
1548 1329 1612 1367 ut,
1644 1321 1743 1370 quod
1768 1322 1836 1356 ad-

146 1379 252 1424 dam,
282 1391 358 1414 non
387 1377 557 1413 habeam.
580 1402 583 1404 Α
603 1377 714 1423 Quae
737 1387 856 1423 quum
885 1375 969 1423 ipsa
991 1375 1099 1422 loqui
1123 1382 1159 1411 et
1180 1376 1371 1411 adhortari
1395 1376 1443 1411 ad
1466 1390 1507 1411 se
1529 1377 1749 1412 imitandam
1771 1377 1835 1411 vi-

145 1435 295 1479 deatur,
317 1433 386 1469 vix
408 1439 482 1478 est,
508 1430 609 1480 quod
630 1443 806 1468 moneam
828 1442 914 1479 ego,
938 1437 982 1466 ut
1002 1431 1073 1468 hac
1096 1443 1249 1480 quoque
1271 1432 1314 1468 in
1336 1444 1447 1467 causa
1471 1433 1686 1481 exemplum
1709 1431 1834 1469 Vobis

144 1489 382 1538 propositum
411 1488 634 1534 sequamini.
698 1487 837 1523 Nonne
870 1486 972 1521 enim
1005 1487 1096 1522 haec
1128 1488 1252 1523 omnis
1282 1488 1467 1523 virtutum
1498 1489 1612 1522 series
1645 1488 1756 1522 etiam
1787 1487 1835 1522 ad

145 1544 302 1582 Vestras
325 1543 486 1580 rationes
510 1542 563 1579 ita
582 1541 763 1591 pertinet,
792 1547 835 1578 ut
864 1553 977 1578 nemo
999 1553 1116 1579 unam
1139 1554 1270 1579 earum
1293 1543 1335 1579 in
1358 1543 1482 1580 Vobis
1506 1542 1708 1579 desiderari
1730 1542 1835 1587 velit,

145 1612 266 1648 quum
292 1611 422 1634 omnes
444 1598 729 1634 adolescentiam
752 1610 866 1646 qnam
886 1597 1055 1633 maxime
1078 1605 1229 1643 ornent,
1259 1611 1329 1648 per
1358 1612 1496 1647 easque
1526 1598 1704 1634 facillime
1733 1598 1833 1646 apud

83 1666 104 1681 ³·
146 1667 275 1691 omnes
297 1654 415 1702 gratia
440 1653 612 1690 ineatur?
671 1653 810 1689 Nonne
839 1651 990 1687 eaedem
1018 1653 1107 1689 tales
1134 1660 1243 1699 sunt,
1283 1666 1376 1702 quas
1408 1655 1475 1702 qui
1505 1655 1601 1690 bene
1628 1653 1834 1690 excoluerit

146 1710 370 1755 adolescens,
392 1708 495 1745 idem
517 1708 764 1753 certissimam
786 1719 893 1757 spem
915 1706 963 1744 de
984 1720 1025 1744 se
1048 1708 1195 1755 excitet,
1218 1707 1313 1755 fore,
1337 1716 1380 1746 ut
1403 1709 1603 1759 aliquando
1626 1709 1746 1745 bonus
1770 1709 1834 1745 vir

147 1773 186 1802 et
211 1766 380 1813 egregius
412 1765 508 1800 civis
539 1764 693 1801 evadat?
744 1764 874 1811 Quare
913 1776 1031 1811 quum
1061 1765 1133 1800 hae
1163 1766 1320 1801 virtutes
1354 1766 1458 1814 ipsae
1488 1772 1523 1800 et
1551 1778 1619 1814 per
1649 1777 1690 1800 se
1721 1771 1758 1800 et
1786 1765 1831 1799 ab

143 1822 218 1859 hoc
232 1820 405 1869 exemplo
419 1819 553 1856 vivido
574 1820 731 1857 habeant
752 1831 926 1867 magnam
949 1820 1321 1867 commendationem,
1344 1822 1456 1868 hujus
1479 1821 1553 1857 loci
1575 1833 1652 1857 non
1669 1832 1750 1856 esse
1773 1820 1833 1855 vi-

147 1877 273 1920 detur,
304 1882 348 1911 ut
369 1876 501 1922 longus
531 1876 606 1910 sim
636 1876 678 1911 in
709 1874 951 1911 adhortando.
1005 1876 1249 1912 Paucissimis
1278 1878 1394 1925 igitur
1424 1883 1567 1913 tantum
1597 1876 1725 1911 verbis
1750 1876 1847 1918 Vos,

144 1932 307 1967 monitos
330 1931 439 1975 volo,
464 1936 507 1965 ut
528 1929 718 1977 cogitetis,
740 1929 883 1966 nemini
905 1930 1044 1978 magis,
1069 1943 1182 1979 quam
1206 1931 1260 1977 ei,
1286 1932 1352 1980 qui
1373 1932 1569 1967 literarum
1591 1930 1715 1967 studia
1735 1936 1833 1965 trac-

145 1993 207 2031 tet,
230 1985 446 2033 fugiendam
470 1997 551 2021 esse
572 1988 724 2021 omnem
748 1986 789 2021 in
812 1985 898 2021 cibo
919 1992 1089 2034 potuque
1111 1987 1454 2035 intemperantiam,
1477 1993 1607 2036 utpote
1630 1993 1665 2022 et
1686 1985 1833 2021 sanitati

145 2041 313 2077 maxime
334 2047 550 2085 nocentem,
585 2046 622 2076 et
652 2040 735 2089 ipsa
756 2039 898 2088 ingenii
928 2040 1051 2077 studia
1080 2042 1365 2090 impedientem,
1397 2041 1438 2078 id
1470 2042 1572 2091 quod
1596 2043 1676 2078 Vos
1700 2038 1835 2075 docent

145 2096 358 2146 proverbia,
366 2108 465 2144 quae
475 2107 603 2132 sanam
610 2102 773 2132 mentem
787 2094 968 2132 facillime
975 2097 1142 2133 habitare
1152 2098 1193 2134 in
1207 2109 1298 2132 sano
1309 2110 1469 2147 corpore
1478 2098 1592 2145 -Η-Η,
1610 2102 1644 2131 et
1650 2096 1833 2144 pinguem

184 2227 216 2264 ‘)
235 2226 349 2267 Cyn-op.
369 2227 395 2265 1,
414 2228 442 2264 3,
462 2226 491 2264 §·
514 2227 549 2256 ιδ
568 2232 600 2256 et
618 2238 664 2264 17.
732 2227 777 2265 “)
796 2226 823 2263 I,
841 2227 870 2263 4,
888 2226 917 2264 §·
936 2238 967 2266 9.
990 2237 1034 2258 io·
1102 2227 1165 2263 ‘**)
1185 2228 1211 2265 1,
1230 2229 1259 2264 3,
1278 2229 1307 2267 §.
1328 2238 1360 2259 ιι
1381 2229 1451 2258 coll·
1469 2237 1536 2257 cum
1554 2228 1583 2265 4,
1603 2228 1632 2266 §.
1651 2228 1681 2266 6,
1753 2229 1787 2267 †)
1807 2228 1834 2265 1,

256 2274 292 2326 4,
305 2273 334 2311 §-
354 2274 384 2306 4.
459 2273 512 2312 st)
531 2273 558 2313 1,
575 2274 604 2312 4,
623 2274 652 2312 §.
674 2283 719 2304 ia.
794 2273 875 2312 †††)
892 2272 1031 2305 Juvenal.
1050 2274 1114 2305 Sat.
1133 2275 1174 2313 X,
1194 2276 1261 2306 556.
