2042 2662
1008 172 1063 219 18

184 284 351 335 quidem,
382 290 428 322 ut
449 295 566 333 aeque
589 290 700 334 atque
720 283 823 334 apud
844 297 919 322 nos
938 285 1047 334 prior
1069 285 1145 322 tria
1169 283 1751 336 exercitationum.inferiorum3·
1767 289 1893 332 poste-

184 341 267 378 rior
296 339 374 377 duo
404 340 649 389 superiorum
678 354 815 390 genera
837 342 1126 390 complectatur,
1158 348 1194 377 et
1216 341 1420 388 utrobique
1441 341 1551 388 prior
1575 339 1745 388 quaeque
1767 351 1828 374 ars
1852 351 1895 374 ac

186 395 388 445 disciplina
411 409 434 432 a
456 403 633 444 sequente
658 396 899 445 excipienda,
932 396 1101 444 augenda
1125 403 1160 432 et
1185 395 1436 432 continuanda-
1457 395 1517 431 sit.
1565 396 1746 431 Summus
1770 400 1895 429 autem
1923 411 1927 415 -

189 453 313 488 omnis
338 452 451 499 hujus
476 451 576 500 apud
591 452 726 489 Medos
750 452 994 488 institutionis
1020 452 1105 489 finis
1130 453 1352 488 cernebatur
1374 452 1416 488 in
1440 457 1517 487 arte
1540 463 1588 487 ex
1611 462 1708 498 equo
1733 449 1894 490 venandi

188 520 259 557 per
276 520 428 556 campos
445 514 607 557 apertos.
655 510 717 545 Ex
735 508 957 544 bellicarum
974 509 1076 544 enim
1090 510 1431 545 illarumveterum
1444 507 1613 555 gentium
1620 505 1655 553 ⁴¹)
1678 516 1787 542 more
1803 507 1896 542 haec

190 562 291 613 apud
314 562 448 600 Medos
474 575 625 613 quoque
649 564 714 599 lex
737 561 831 609 fuit,
854 569 916 609 ut,
941 576 1019 613 quo
1042 564 1127 613 quis
1152 565 1272 612 magis
1296 564 1337 600 in
1360 563 1529 601 venandi
1547 569 1626 600 arte
1648 561 1895 607 excelluisset,

191 630 236 655 eo
268 619 419 656 melius
438 619 597 660 adrem
626 620 830 656 militarem
856 620 1050 657 colendam
1072 627 1325 669 praeparatus.
1340 631 1438 664 esse,
1469 627 1579 667 atque
1603 631 1647 653 eo
1670 617 1897 654 laudabilior

191 674 395 722 aliquando
420 681 456 709 et
471 674 718 723 praestantior
734 676 824 711 belli
844 675 925 711 dux
949 688 1233 712 evasurusesse
1250 674 1454 711 videretur.
1486 671 1673 722 *Namque
1698 672 1897 709 videbatur

191 730 283 766 haec
293 730 444 766 venatio
462 743 519 776 eo,
542 731 644 778 quod
660 732 780 767 multo
797 745 908 768 mane
925 746 1090 781 surgere,
1111 732 1230 781 frigus
1251 732 1603 779 caloremquejuxta
1615 730 1693 778 pati
1702 741 1745 765 ac
1753 727 1896 764 subdio

191 793 412 835 pernoctare
428 786 709 832 assuefaciebat,
726 801 863 836 corpus
880 789 1035 824 omnino
1051 788 1233 832 firmabat,
1251 788 1497 834 animumque
1515 785 1694 820 audacem
1707 784 1896 827 reddebat,

193 854 270 876 non
283 841 405 876 *modo
421 841 518 877 bene
539 854 764 890 praeparare
775 844 899 879 :vitam
915 850 1163 889 castrensem,-
1176 842 1242 878 sed
1259 842 1493 877 occasionem
1509 852 1659 889 quoque
1673 838 1762 875 dare
1779 838 1898 887 ipsius

193 896 297 941 belli,
320 897 429 942 cujus
453 898 658 945 imaginem
676 899 1056 944 venatio'exhiberet,
1080 907 1175 935 artes
1199 911 1273 935 usu
1296 905 1409 946 atque
1431 896 1697 932 exercitatione
1721 893 1900 937 discendi,

193 958 255 987 utt
280 951 417 1000 agilem
439 966 637 988 armorum
660 967 796 999 usum,
827 956 999 990 locorum
1021 955 1215 1003 peritiam,
1241 951 1467 989 observandi
1490 951 1716 996 facultatem,
1740 949 1899 986 investi-

193 1006 306 1055 gandi
330 1007 583 1054 calliditatem,
604 1009 832 1062 insequendi
856 1009 1049 1045 ardorem:
1073 1009 1259 1060 probandi
1272 1015 1397 1044 autem
1410 1014 1544 1058 pectus·
1557 1008 1598 1043 in
1612 1006 1793 1056 periculis
1808 1004 1900 1041 sub-

195 1062 330 1099 eundis
355 1063 615 1113 impavidum,
648 1066 767 1101 animi
788 1068 1038 1114 praesentiam
1062 1074 1098 1102 et
1120 1065 1392 1110 fortitudinem,
1415 1064 1590 1100 laborum
1614 1062 1901 1111 susceptionem,

196 1117 374 1155 dolorum
407 1120 708 1156 contemtionem.
764 1123 869 1158 Haec
900 1121 1016 1169 igitur
1047 1135 1095 1157 ex
1128 1134 1227 1169 equo
1259 1133 1328 1169 per
1359 1132 1511 1167 campos
1540 1125 1705 1167 patentes
1725 1116 1900 1159 „venandi

196 1186 278 1219 ars,
304 1187 400 1223 quae
423 1181 501 1211 tota
522 1188 611 1211 cum
642 1176 722 1211 suis
756 1176 903 1212 duobus
933 1177 1153 1224 generibus,
1184 1183 1227 1212 ut
1257 1188 1351 1212 mox
1381 1175 1616 1219 videbimus,
1654 1186 1740 1209 cum
1773 1179 1901 1209 nostra

194 1231 438 1278 superiorum
462 1230 626 1266 duarum
651 1233 828 1268 classium
850 1233 995 1268 ratione
1018 1231 1269 1280 comparanda
1291 1238 1364 1275 est,
1387 1228 1902 1278 praeparabatur-venatione

194 1283 379 1320 facilioris
403 1292 439 1320 et
460 1286 590 1321 minus
614 1287 820 1334 periculosi
843 1288 1009 1334 generis,
1041 1300 1137 1335 quae
1165 1287 1275 1322 fiebat
1305 1286 1403 1322 intra
1427 1286 1625 1326 hortorum
1648 1291 1753 1332 septa.
1775 1289 1903 1318 contra

198 1338 449 1375 ferasminus
473 1339 638 1385 feroces,
672 1342 713 1377 in
737 1343 846 1377 silvis
871 1350 977 1377 antea
1001 1350 1125 1390 captas
1149 1354 1281 1388 eoque>
1302 1341 1490 1375 deductas.
1537 1332 1789 1386 Neliuetvero
1812 1338 1902 1374 huic

196 1394 389 1429 venationi
413 1407 568 1442 operam
589 1396 681 1430 dare
703 1403 858 1444 poterat,
882 1397 958 1431 nisi
981 1397 1067 1443 qui,
1093 1403 1185 1443 quas
1210 1395 1375 1443 singulas
1401 1394 1529 1429 eadem
1552 1394 1768 1442 requirebat
1791 1399 1901 1438 arta,

198 1455 306 1486 antea
327 1449 427 1497 justo
452 1450 587 1487 ordine
606 1450 840 1487 factitaverat
863 1465 1006 1488 omnes.
1054 1452 1117 1487 Sic
1139 1451 1255 1499 igitur
1277 1452 1425 1499 Cyrum
1449 1463 1600 1499 quoque
1632 1450 1800 1498 oportuit
1820 1450 1904 1498 pri-

198 1518 264 1541 mo
290 1519 389 1553 equo
413 1506 576 1541 vehendi
599 1513 717 1541 artem
743 1507 897 1552 discere,
922 1506 1056 1542 deinde
1075 1513 1191 1542 artem
1209 1507 1313 1541 illam
1330 1506 1437 1554 prius
1452 1507 1528 1552 jam
1542 1512 1747 1552 tractatam,
1772 1518 1903 1541 arcum

199 1559 376 1597 tendendi
399 1568 436 1597 et
456 1561 606 1610 sagittas
629 1562 866 1611 missiliaque
887 1561 1068 1609 jaciendi,
1091 1575 1192 1598 nunc
1217 1575 1266 1598 ex
1290 1575 1386 1609 equo
1409 1561 1554 1606 facere3
1585 1569 1621 1597 et
1643 1569 1724 1597 tum
1749 1561 1903 1597 demum

201 1617 238 1652 ei
260 1617 369 1652 licuit
391 1630 490 1665 equo
514 1619 668 1653 vehenti
693 1630 762 1666 per
784 1619 933 1654 vivaria
955 1617 1054 1653 feras
1078 1618 1178 1667 ipsas
1201 1618 1418 1654 hincssillinc
1439 1617 1676 1667 prosilientes
1700 1623 1812 1666 atque
1826 1617 1903 1654 huc

198 1671 293 1708 illuc
315 1679 490 1720 vagantes
511 1674 711 1721 persequi.⁴
961 1703 963 1705 .
1795 1704 1798 1706 .

209 1726 212 1729 ’
295 1728 422 1767 Vobis
447 1734 573 1764 autem
594 1730 696 1776 pacis
729 1730 848 1777 magis
881 1730 1093 1765 amantibus
1124 1736 1226 1779 patet
1247 1730 1342 1765 alius
1376 1728 1548 1777 quidem,
1583 1740 1698 1777 quam
1729 1728 1797 1777 qui
1826 1728 1903 1767 illis

197 1782 345 1820 bellicis
367 1783 540 1832 gentibus
564 1783 651 1830 fuit,
674 1785 738 1821 sed
761 1793 885 1823 tamen
908 1787 1035 1835 aliqua
1055 1798 1106 1831 ex
1128 1792 1235 1835 parte
1258 1785 1394 1822 similis
1418 1785 1615 1821 literarum
1636 1797 1811 1831 campus,
1833 1797 1903 1821 nee

201 1839 293 1875 adeo
317 1840 513 1876 dissimilis
539 1854 560 1876 a
585 1841 708 1877 Vobis
732 1843 941 1878 instituitur
957 1855 1095 1877 rerum
1119 1848 1155 1877 et
1176 1842 1486 1877 exercitationum
1509 1839 1772 1876 discendarum
1786 1840 1904 1888 >quasi

201 1895 364 1934 venatio.
414 1895 751 1944 Quemadmodum
775 1898 876 1935 enim
899 1899 957 1935 illi
980 1899 1136 1946 juvenes
1159 1897 1322 1935 venandi
1346 1904 1425 1934 arte
1447 1896 1542 1933 bene
1564 1895 1727 1933 factitata
1749 1896 1796 1932 sd
1827 1897 1906 1932 mi·

200 1946 306 1989 litiae
328 1951 565 2000 disciplinam
589 1953 847 1999 discedebant,
870 1961 913 1989 ut
935 1954 1135 2001 aliquando
1157 1954 1248 1995 boni
1271 1954 1386 1989 duces
1409 1953 1647 1989 exercituum
1668 1952 1817 1999 fierent,
1847 1953 1903 1989 sic

202 2007 287 2046 Vos
312 2006 416 2043 hisce
438 2008 555 2044 literis
579 2015 615 2045 et
638 2009 783 2045 artibus
806 2008 1036 2045 scholasticis
1060 2010 1132 2046 rite
1160 2010 1324 2047 tractatis
1354 2009 1401 2046 ad
1431 2009 1565 2046 altiora
1593 2008 1806 2045 academiae
1836 2009 1909 2045 ad-

202 2063 322 2112 gressi
342 2063 450 2112 pacis
471 2065 613 2100 artibus
638 2065 826 2101 discendis
850 2077 1004 2113 operam
1034 2067 1240 2111 navabitis,
1268 2073 1313 2102 ut
1334 2064 1544 2113 :aliquando
1568 2063 1657 2100 boni
1681 2065 1904 2112 qumvis

203 2118 422 2153 divinarum
447 2124 482 2154 et
511 2118 762 2156 humanarum
792 2121 834 2156 in
867 2121 1018 2158 civitate
1043 2134 1176 2159 rrerum
1209 2121 1530 2159 administratores
1560 2120 1739 2159 evadatis.
1786 2121 1903 2169 Quod

202 2173 319 2224 igitur
341 2174 383 2212 'm
412 2175 623 2224 gymnasiis
655 2175 878 2224 addiscitur,
911 2178 951 2214 id
983 2179 1198 2216 habendum
1230 2186 1285 2216 est
1313 2179 1432 2216 instar
1463 2178 1567 2214 illius
1595 2177 1806 2215 venationis
1836 2190 1905 2226 per

244 2260 272 2298 ‘)
291 2260 329 2289 cf.
349 2260 386 2289 de
405 2255 555 2290 hoc'loeo
574 2260 737 2290 Persarum
756 2271 871 2291 motem
895 2263 1022 2303 <Cyn-op.
1041 2263 1066 2300 Ι,
1088 2274 1117 2300 2,
1135 2264 1162 2302 §-
1183 2275 1248 2304 9—
1260 2263 1315 2302 n·)
1335 2272 1404 2292 cum
1421 2261 1579 2293 Medorum
1598 2271 1701 2301 more,
1731 2262 1857 2303 (Cyn-op.
1876 2262 1903 2300 1,

319 2299 348 2336 5,
367 2298 395 2337 5-
417 2300 452 2329 ι4
471 2305 503 2329 et
520 2300 552 2338 1,
571 2301 609 2339 4,
626 2299 656 2338 §.
675 2300 717 2339 5.)
736 2306 769 2331 et
786 2301 927 2340 Xenoph.
947 2303 985 2333 de
1005 2302 1115 2333 venat.
