2042 2662
997 179 1055 224 14

160 301 199 332 et
221 293 550 342 diligentissimam
575 293 699 329 statim
723 304 745 329 a
768 291 896 342 prima
919 292 1086 341 pueritia
1110 290 1361 330 adhibendam
1375 304 1469 330 esse
1473 293 1656 343 putabmt
1670 294 1879 332 liba-omn

163 351 442 388 institutionem
483 349 750 397 bonorumque
788 361 944 384 morum
969 348 1305 396 consuetudinem,
1351 356 1388 386 et
1419 351 1634 399 plurimum
1666 350 1881 387 tribuebant

162 413 365 457 parentum
390 412 424 441 et
447 405 644 441 senicium
670 406 856 453 exemplo.
881 402 914 450 *)
966 404 1163 451 Quantum
1188 406 1289 441 enim
1315 406 1386 442 hoc
1402 407 1591 443 valuerit
1580 418 1620 442 m
1638 407 1735 455 Cyni
1751 406 1880 442 animo

159 464 214 499 ita
238 469 366 498 contra
390 474 520 497 omnes
547 462 848 509 cor1uptela1um
867 460 1060 497 illecebias
1077 467 1225 497 matuie
1237 470 1461 510 ¹praeparato
1479 475 1522 498 ac
1537 462 1632 497 bene
1647 461 1879 506 continuato,

160 524 265 567 post,
288 517 357 553 ubi
381 517 428 552 de
452 517 531 563 ejus
556 516 762 552 virtutibus
788 526 914 556 sermo
939 516 1027 567 erit,
1051 515 1393 565 facilenpparebit.
1449 518 1626 566 Singulae
1648 529 1742 553 vero
1760 528 1879 553 ⁴exau-⁴-

161 574 369 618 citationes,
400 573 489 609 licet
521 572 568 607 ad
600 572 704 608 illius
736 573 856 620 gentis
880 572 981 608 vitae
1008 584 1129 619 genus
1165 578 1202 608 et
1224 573 1352 609 aetatis
1374 586 1501 610 mores
1527 580 1670 626 aptatae
1687 573 1878 620 :tt-postris

160 631 274 667 rebus
300 629 530 677 discrepent,
563 634 707 674 tamen,
736 628 838 677 quqd
865 628 913 664 ad
938 641 1134 666 summum
1158 641 1289 665 earum
1312 628 1427 666 finem
1451 637 1488 666 et
1511 628 1878 673 consiliumrattiness

162 700 223 724 eas
249 699 402 734 quoque
425 697 513 720 cum
537 685 676 721 nostris
701 686 911 722 rationibus
936 686 1031 722 bene
1055 685 1231 734 conjungi
1255 692 1291 722 et
1321 699 1433 735 posse
1464 694 1501 723 et
1531 686 1666 722 debere
1688 698 1790 721 :mox
1813 684 1878 720 vi.-

161 743 349 779 flebimus.
405 742 583 789 Namque
615 755 734 789 quum
765 743 876 791 pueri
906 743 1131 791 plerumque
1163 743 1204 778 in
1228 742 1304 778 illis
1329 742 1442 778 rebus
1468 748 1733 779 exercerentur
1755 753 1877 789 usque

162 800 208 836 ad
241 798 434 834 decimum
466 804 618 833 sextum
647 799 710 834 vel
748 800 954 847 septimum
985 799 1113 834 aetatis
1147 811 1309 844 annum,
1357 799 1486 847 Cyrus
1518 805 1642 834 tamen
1671 799 1747 845 jam
1780 796 1878 832 duo—

161 856 309 891 decimo
342 854 470 889 aetatis
503 866 621 898 anno,
655 854 705 902 **)
739 855 837 891 inter
868 856 1041 903 aequales
1071 867 1149 891 non
1174 855 1306 890 solum
1336 855 1379 891 in
1401 854 1673 917 gymasticis
1672 854 1758 890 inis
1783 852 1878 888 arti-

159 912 232 947 bus
255 909 330 946 fuit
351 910 716 957 praestantissimus,
750 910 814 946 sed
831 912 943 946 etiam
958 923 1056 958 prae
1063 910 1253 949 omnibns
1258 910 1479 956 aequalibus
1493 910 1643 944 mirum
1652 909 1695 945 in
1716 907 1877 944 moduni

160 966 338 1004 excelluit
362 963 536 1000 facultate
561 978 604 1000 ac
625 966 814 1001 celeritate
829 978 949 1014 quum
974 960 1289 1013 peicipienffleffi
1316 977 1416 1012 quae
1435 963 1626 1000 discenda
1635 970 1757 1009 erant,
1780 971 1876 1008 tum,

160 1033 424 1073 quamcunque
439 1033 522 1056 rem
538 1028 758 1068 capesseret,
784 1022 853 1056 hac
873 1034 987 1068 quam
1004 1021 1146 1068 optime
1169 1019 1432 1067 Perfuilgendi,
1454 1021 1515 1056 ita*
1529 1027 1572 1055 ut
1591 1021 1691 1056 hanc
1714 1020 1767 1055 ob
1786 1032 1877 1056 cau»v

161 1092 243 1120 sam
267 1083 429 1126 quatuor
453 1075 561 1111 annis
587 1081 671 1110 aute
697 1076 862 1123 spatium
885 1075 994 1120 illud,
1020 1074 1121 1122 quod
1145 1074 1275 1110 datum
1300 1082 1380 1111 etat
1402 1076 1551 1124 primae
1573 1075 1876 1125 pueritiae·ti1·o‘=*

162 1135 287 1179 ciniis,
312 1131 527 1168 confectum
550 1131 615 1166 alii
636 1130 857 1178 disciplinae
882 1131 928 1166 ad
948 1131 1110 1177 majores
1134 1142 1195 1166 res
1221 1130 1414 1168 discendas
1439 1132 1535 1167 tradi
1550 1139 1689 1181 posset.
1736 1132 1876 1169 Nonne

159 1192 277 1240 igitur
300 1189 389 1224 inde
413 1193 585 1236 apparet,
611 1200 685 1234 qua
709 1187 790 1233 lege
813 1199 856 1221 ac
874 1186 1101 1231 conditione,
1127 1187 1160 1222 si
1185 1187 1270 1233 quis
1295 1188 1387 1222 velit
1408 1200 1572 1235 puerum
1596 1189 1724 1224 altiori
1747 1188 1876 1224 litera-

160 1259 249 1285 rum
275 1252 309 1281 et
334 1244 475 1281 artium
500 1242 626 1278 studio
652 1242 810 1286 tradere,
833 1242 873 1278 id
897 1248 1002 1279 recte
1021 1241 1105 1279 fieri
1122 1242 1287 1290 debeat‘3.
1309 1243 1610 1289 ‚Requirimim
1624 1243 1874 1280 concedamus

159 1314 312 1341 necesse
337 1307 391 1335 cst
417 1298 724 1346 quamlmaxime
749 1298 861 1334 etiam
884 1297 931 1332 a'd
954 1298 1051 1334 hane
1073 1311 1178 1342 rem,
1207 1303 1260 1332 utv
1274 1306 1372 1345 puer
1392 1298 1470 1344 jam
1494 1298 1680 1346 inpriori
1704 1299 1876 1336 facilium

159 1370 293 1396 rerum
318 1355 553 1391 institutione
576 1353 779 1388 eminuerit
810 1353 971 1399 quadam
996 1353 1146 1400 ,ingenii
1177 1352 1435 1388 alacritatem
1467 1354 1561 1389 acri.
1579 1356 1875 1403 cognitionis&

159 1414 337 1453 scientiae
361 1423 503 1448 amore.
543 1410 722 1457 Namque
745 1408 934 1458 profecto!
960 1409 1201 1457 quamlonge
1214 1408 1367 1455 melius,
1392 1421 1506 1458 quam
1519 1422 1621 1447 nunc
1640 1410 1764 1448 adhuc
1787 1409 1873 1447 fieri

160 1473 272 1516 solet,
323 1475 358 1504 et
388 1468 563 1516 ipsorum
599 1478 811 1514 puerorum
843 1466 976 1510 saluti,
1026 1472 1064 1501 et
1092 1466 1167 1514 piis
1207 1465 1394 1513 justisque
1431 1473 1632 1515 parentum.
1667 1468 1791 1515 votis,
1828 1473 1875 1505 Aet

160 1526 324 1565 civitatis
349 1521 549 1559 commodo
573 1522 790 1556 consultum
814 1520 930 1566 foret,
962 1521 997 1558 si
1021 1522 1118 1557 nulli
1143 1521 1218 1557 nisi
1242 1520 1353 1570 pueri
1376 1521 1505 1559 indole
1527 1524 1616 1560 satis
1641 1523 1738 1560 bona
1762 1536 1874 1573 prae-

160 1584 241 1628 diti,
267 1579 443 1618 humanis
469 1577 641 1614 moribus
666 1578 787 1626 politi,
811 1577 985 1614 assiduae
1007 1576 1221 1626 diligentiae
1243 1577 1409 1624 adsueti,
1435 1580 1549 1615 alacri
1571 1581 1768 1617 literarum
1791 1588 1874 1617 stu-

161 1641 225 1676 dio
250 1636 413 1679 incensi,
438 1635 583 1682 iisque,
609 1634 748 1681 quibus
772 1634 885 1682 pueri
908 1632 1013 1669 infici
1037 1633 1183 1678 (lebenti,
1208 1633 1471 1671 artibusxbene
1493 1636 1632 1672 imbuti
1656 1636 1703 1672 ad
1726 1638 1872 1674 scholas

160 1701 308 1734 nostras
339 1690 567 1727 accederent.
624 1690 761 1738 Neque
791 1691 854 1726 hic
885 1689 1258 1739 praetermittendum
1290 1696 1366 1735 est,
1394 1690 1534 1728 diserte
1566 1705 1588 1727 a
1618 1693 1873 1741 Xenophonte

162 1746 476 1792 commemorari,
511 1744 582 1793 ***)
616 1747 696 1794 lege
728 1746 998 1782 neminem‘ab
1029 1746 1239 1783 honoribus
1264 1752 1300 1782 et
1322 1747 1603 1795 magistratibus
1620 1749 1871 1798 ,prohibitum

161 1809 282 1846 fuisse
306 1804 406 1855 apud
421 1804 567 1854 Persas,
592 1802 657 1838 sed
681 1803 804 1840 cuivis
828 1803 995 1848 licuisse,
1019 1803 1159 1839 liberos
1184 1815 1272 1839 suos
1298 1802 1345 1839 ad
1363 1803 1453 1839 >illas
1477 1804 1668 1853 publicas,
1694 1818 1786 1854 quas
1807 1807 1871 1853 ju·-

162 1866 285 1902 stitiae
309 1859 726 1910 appellabant'scholas‚
750 1860 916 1905 mittere,
949 1859 1015 1896 sed
1043 1866 1172 1895 tamen
1204 1871 1267 1895 eos
1302 1866 1446 1897 tantum
1471 1868 1642 1910 parentes
1666 1862 1736 1898 hac
1759 1863 1872 1900 venia

161 1921 221 1959 uti
244 1919 373 1955 solitos
397 1917 535 1962 tuisse,
559 1916 628 1965 qui
652 1916 851 1962 haberent,
882 1915 983 1953 unde
1004 1915 1144 1952 liberos
1169 1916 1309 1952 alerent
1332 1923 1368 1953 et
1391 1925 1659 1963 sustentarent,
1683 1931 1732 1954 ne
1755 1931 1872 1967 nego·

160 1979 225 2015 tiis
250 1973 460 2011 factitandis
481 1973 792 2021 prohiberentur,
826 1985 938 2009 omne
969 1973 1090 2008 otium
1113 1972 1211 2008 solas
1236 1973 1283 2008 ad
1314 1973 1381 2009 has
1404 1981 1500 2011 artes
1522 1973 1697 2011 colendas
1722 1975 1872 2024 impen-

163 2034 264 2069 dere.
315 2031 443 2077 Atque
463 2030 552 2065 item
569 2028 669 2077 apud
685 2041 755 2065 nos
772 2029 959 2077 sapienter
972 2028 1186 2064 institutum
1203 2035 1269 2074 est,
1293 2036 1335 2065 ut
1360 2030 1483 2066 cuivis
1501 2031 1624 2075 liceat,
1640 2030 1759 2066 literis
1776 2038 1870 2081 ope-

164 2102 246 2125 ram
270 2087 371 2127 dare,
397 2085 649 2132 omnibusque
672 2084 795 2121 aditus
820 2084 866 2120 ad
900 2084 1054 2133 publica
1083 2097 1242 2121 munera
1273 2098 1391 2134 aeque
1414 2088 1548 2135 pateat.
1599 2087 1759 2123 Utinam<
1777 2094 1870 2124 &ero

165 2151 202 2181 et
220 2145 280 2187 hic
303 2148 475 2192 parentes
495 2141 538 2185 ii,
562 2141 629 2188 qui
648 2142 825 2179 omnibus
844 2141 890 2177 ad
910 2141 1010 2177 filios
1026 2141 1210 2187 juvandos
1229 2141 1396 2179 destituti
1421 2149 1518 2178 sunt
1530 2143 1663 2192 copiis,
1688 2144 1741 2178 ita
1763 2156 1874 2193 sape-

164 2206 270 2246 rent,
305 2205 348 2234 ut
380 2211 427 2234 ne
451 2196 590 2235 filiolos
614 2197 691 2244 jam
713 2198 762 2233 ob
787 2200 964 2248 exiguam
987 2211 1078 2248 prae
1101 2200 1321 2248 aequalibus
1343 2198 1538 2236 inferioris
1562 2200 1675 2236 sortis
1700 2199 1873 2237 eminen-

205 2319 575 2360 *)Cyrop.1,2,§.s.
653 2319 905 2359 y*)1‚3‚§.1.
983 2320 1271 2361 ·**)1,2,§.15.
