2042 2662
610 993 1330 1053 ORATIO.

881 1142 1064 1150 ———=

118 1237 218 1296 Etsi
241 1273 387 1307 vereor,
411 1274 460 1297 ne
484 1262 525 1297 in
549 1262 619 1298 hac
634 1261 956 1297 Doctissimorum
979 1261 1154 1297 virorum
1178 1267 1289 1309 atque
1308 1260 1652 1297 ornatissimorum
1668 1275 1822 1308 corona,

119 1329 194 1364 qua
217 1329 280 1351 me
311 1318 489 1365 stipatum
523 1330 603 1353 esse
634 1317 766 1361 video,
801 1318 924 1353 dicere
956 1317 1200 1366 incipientem
1231 1317 1391 1353 minime
1422 1316 1565 1362 deceat,
1598 1317 1645 1353 de
1666 1331 1708 1353 se
1739 1319 1823 1367 ipso

116 1372 234 1408 verba
257 1371 391 1418 facere,
418 1374 608 1421 quoniam,
635 1374 701 1420 qui
724 1373 764 1408 id
788 1373 862 1408 sibi
885 1373 1111 1421 permiserit,
1137 1386 1245 1408 suam
1270 1372 1446 1408 omnibus
1471 1373 1554 1408 aliis
1578 1373 1691 1409 rebus
1711 1383 1825 1422 prae.—

116 1427 218 1464 ferre
241 1428 392 1464 videtur
414 1442 627 1477 personam,
652 1435 789 1474 tamen,
814 1429 902 1476 qnia
925 1429 1008 1477 ipsa
1030 1429 1208 1474 materia,
1233 1441 1347 1476 quam
1371 1428 1463 1463 haec
1485 1428 1606 1463 oratio
1629 1429 1705 1465 sibi
1729 1431 1824 1466 sub-

115 1484 249 1531 jectam
274 1484 401 1531 habet,
428 1485 667 1521 excusatione
690 1491 791 1533 eget,
815 1484 998 1520 benevola
1021 1483 1179 1529 Vestra,
1203 1483 1410 1520 Auditores
1435 1484 1750 1531 Honoratissimi,
1775 1486 1823 1522 de

117 1553 180 1576 me
204 1540 383 1589 opinione
407 1540 524 1576 fretus
559 1554 601 1577 ac
633 1542 769 1589 gratia,
802 1554 876 1589 qua
908 1541 956 1576 ab
991 1540 1097 1576 omni
1128 1540 1327 1589 superbiae
1357 1540 1573 1589 suspicione
1604 1554 1667 1577 me
1696 1548 1821 1579 tutum

116 1596 200 1631 fore
224 1609 355 1644 spero,
387 1598 465 1632 mei
496 1598 727 1633 mentionem
751 1597 875 1632 facere
899 1596 1046 1632 fortiter
1070 1596 1202 1632 audeo.
1253 1596 1419 1632 Veniam
1444 1597 1546 1632 enim
1569 1597 1667 1633 mihi
1688 1605 1821 1647 peten-

112 1651 205 1687 dam
229 1665 311 1687 esse
332 1665 476 1699 censeo,
487 1653 615 1701 quod,
640 1666 777 1701 quum,
801 1653 872 1689 hac
896 1652 1050 1700 quidem
1075 1651 1223 1688 dicendi
1246 1653 1446 1702 provincia
1468 1653 1566 1690 mihi
1590 1653 1821 1701 demandata,

116 1708 239 1743 otium
261 1721 338 1743 non
361 1715 573 1757 suppeteret
596 1709 641 1744 ad
657 1722 738 1744 rem
754 1708 982 1744 tractandam
1000 1708 1088 1743 satis
1105 1708 1268 1756 dignam,
1294 1721 1390 1756 quae
1405 1709 1545 1745 V-estro
1560 1709 1703 1755 judicio
1726 1712 1820 1747 sub-

115 1764 311 1810 jiceretur,
347 1776 369 1798 a
400 1764 598 1799 subtiliore
629 1764 843 1813 disputandi
873 1776 1009 1812 genere
1037 1763 1240 1812 confugere
1270 1777 1346 1800 non
1372 1764 1542 1800 dubitavi
1566 1764 1618 1800 ad·
1635 1766 1821 1814 populare

116 1817 304 1867 quoddam
328 1830 444 1866 genus
470 1819 630 1856 dicendi.
681 1820 810 1867 Quam
832 1820 985 1857 veniam
1005 1825 1049 1854 ut
1071 1819 1221 1855 facilius
1245 1820 1344 1856 mihi
1367 1820 1497 1868 largiri
1525 1820 1699 1868 possitis,
1730 1834 1821 1871 per-

115 1873 278 1923 pendere
301 1887 440 1923 quaeso
464 1876 609 1922 velitis,
642 1875 689 1911 ad
721 1876 859 1922 multa,
893 1888 989 1924 quae
1017 1888 1118 1911 nunc
1140 1883 1229 1912 sunt
1252 1876 1422 1912 muneris
1445 1876 1659 1912 scholastici
1684 1877 1818 1923 officia,

117 1937 153 1966 et
177 1930 224 1966 ad
247 1931 394 1979 negotia
419 1930 586 1977 ejusdem
612 1932 829 1980 quotidiana
853 1932 1022 1980 corporis
1046 1944 1165 1980 aeque
1187 1939 1300 1982 atque
1323 1932 1440 1969 animi
1472 1933 1574 1968 vires
1607 1935 1817 1970 exercentia

114 1985 346 2035 mihi‘quasi
380 1988 577 2023 cumulum
601 1988 775 2024 accedere
799 2001 860 2025 eas
884 2000 1006 2033 cura8‚
1031 2000 1123 2036 quas
1147 1988 1189 2024 in
1219 1989 1440 2038 disciplinae
1463 2001 1570 2025 meae
1594 1988 1821 2025 domesticas

115 2044 287 2079 alumnos
304 2044 476 2081 conferre
492 2044 621 2090 debeo]
645 2058 694 2081 ne
710 2045 802 2094 quid
820 2045 942 2081 dicam
960 2044 1006 2081 de
1017 2045 1114 2080 meis
1137 2046 1280 2091 liberis,
1305 2046 1372 2093 qui
1396 2046 1488 2082 item
1513 2047 1678 2094 aliquam
1704 2056 1817 2082 curae

113 2112 221 2135 meae
242 2106 388 2148 partem
407 2102 493 2147 jure
516 2114 586 2136 suo
611 2113 633 2136 a
655 2102 772 2150 patris
798 2101 990 2149 diligentia.
1018 2102 1187 2149 exigunts
1234 2102 1414 2149 Quorum
1445 2102 1657 2138 officiorum
1688 2102 1818 2137 varie-

113 2162 187 2192 tate
210 2169 330 2205 quum
353 2157 524 2194 animum
547 2157 724 2203 distrahi,
747 2157 991 2195 multitudine
1015 2164 1140 2194 autem
1164 2158 1345 2208 occupari
1368 2165 1557 2208 appareat,
1588 2168 1724 2203 nemo,
1740 2159 1817 2208 ‘qui

113 2213 187 2248 hoc
211 2225 341 2249 secum
364 2215 594 2262 perpendere
611 2215 787 2260 voluerit,
812 2221 910 2250 certe
926 2214 1137 2259 mirabitur,
1162 2227 1240 2250 non
1265 2215 1389 2250 solum
1413 2221 1557 2262 tempus
1582 2212 1713 2261 ipsum
1736 2227 1819 2250 esse

113 2268 235 2304 solere
258 2269 471 2318 angustius,
503 2270 569 2306 sed
594 2271 707 2307 etiam
731 2271 852 2307 otium
876 2270 1072 2316 diffusius,
1105 2283 1219 2319 quam
1243 2283 1319 2320 quo
1344 2270 1437 2306 bene
1459 2270 1518 2306 uti
1541 2269 1651 2306 liceat
1673 2269 1720 2305 ad
1745 2271 1819 2307 alia

111 2324 258 2371 studia,
292 2338 406 2374 quam
431 2339 527 2375 quae
550 2327 592 2363 in
614 2327 832 2365 scholarum
855 2328 1039 2364 rationem
1063 2326 1220 2374 cadunt,
1243 2325 1407 2364 colenda.
1456 2326 1592 2376 Neque
1609 2339 1708 2365 ‚vero
1734 2340 1817 2364 om-
1872 2360 1874 2363 ,

1560 2394 1581 2419 2
