2042 2662
957 180 1045 224 .10

161 292 253 329 nino
279 293 457 342 cuiquam
482 300 582 329 recte
604 293 787 341 judicanti
811 295 1028 344 improbari
1045 308 1158 345 posse
1182 295 1364 343 arbitror,
1388 297 1441 343 si,
1467 298 1543 346 qui
1558 297 1687 335 multis
1708 306 1873 346 occupa·-

162 349 328 385 tionibus
355 350 535 386 distentus
561 351 628 396 sit,
654 351 707 387 ita
731 351 805 388 sibi
829 358 970 397 caveat,
993 365 1042 387 ne
1065 353 1230 400 neglecta
1253 354 1397 403 publici
1421 355 1591 390 muneris
1614 367 1705 390 cura
1728 360 1764 389 et
1787 352 1874 389 offi-

161 406 221 441 cio
245 406 429 452 majorem
451 405 603 442 laudem
628 407 669 445 in
694 408 901 444 celebriore
925 407 1025 444 docti
1048 409 1245 457 scriptoris
1277 411 1431 446 nomine
1466 410 1638 459 quaerat,
1674 416 1717 447 ut
1745 409 1871 458 potius

161 461 202 498 in
226 462 472 508 modestiore,
504 463 593 499 licet
616 464 837 500 obscuriore
861 464 929 501 fidi
954 471 990 500 et
1014 464 1202 513 diligentis
1225 468 1478 516 praeceptoris
1503 467 1612 503 titulo
1637 467 1873 514 acquiescere

161 519 281 554 malit.
330 520 463 567 Itaque
496 532 618 568 neque
650 521 697 556 ab
720 522 921 567 hocloco,
952 534 1075 569 neque
1110 522 1155 557 ab
1189 523 1302 569 hujus
1335 523 1566 560 solennitatis
1595 522 1754 558 consilio
1779 521 1874 557 alie·

160 588 256 611 num
280 575 377 611 mihi
394 576 522 613 visum
540 583 765 622 est,sumere
780 578 941 615 orationi
959 585 1221 626 argumentum
1240 580 1437 626 ejusmodi,
1452 579 1553 629 quod
1568 585 1717 628 praeter
1734 578 1872 625 jucun·

162 631 315 667 ditatum
331 632 463 668 habeat
477 632 773 670 admonitionem
792 634 960 682 aliquam
976 635 1110 670 utilem
1129 635 1325 684 discipulis
1350 637 1502 672 nostris.
1529 636 1618 683 Qua
1633 636 1674 671 in
1697 648 1751 680 re,
1769 632 1870 682 quod

162 687 254 723 adeo
279 689 376 723 mihi
401 688 563 733 indulsi,
588 697 631 726 ut
655 703 808 741 omnem
832 691 1041 726 orationem
1069 703 1090 726 a
1114 692 1260 737 Vobis,
1294 692 1346 730 A.
1370 693 1448 737 H.,
1471 691 1517 727 ad
1542 691 1749 740 discipulos
1774 688 1872 725 diri-

160 756 247 792 gere
271 746 484 790 statuerim,
510 746 549 782 id
576 747 673 793 Vos,
699 747 792 783 Viri
817 747 1076 793 ornatissimi,
1100 761 1171 797 pro
1196 760 1341 796 magna,
1368 761 1465 797 quae
1488 749 1628 785 Vestra
1652 753 1717 793 est,
1742 745 1869 783 indul-

159 801 282 848 gentia
307 807 342 836 et
364 801 626 838 benevolentia
657 804 755 839 mihi
787 803 1064 840 condonaturos
1096 817 1177 841 esse
1200 818 1312 854 spero
1337 817 1382 841 eo
1413 805 1552 853 magis,
1585 804 1764 852 quoniam
1788 802 1870 851 ipsa

159 869 270 893 causa
294 858 455 894 Vestrae
476 859 662 904 jucundae
686 867 796 909 atque
819 859 1051 897 honorificae
1073 862 1323 909 praesentiae,
1349 874 1422 909 qua
1444 862 1628 908 juvenum
1652 866 1870 895 nostrorum

158 920 387 949 conventum
413 927 548 950 ornare
571 917 761 961 voluistis,
786 918 874 952 satis
895 917 977 952 Vos
1002 917 1105 965 ipsos
1130 923 1270 962 monet,
1289 917 1475 965 quidquid
1491 918 1541 953 sit
1555 917 1668 963 hujus
1685 915 1870 952 caerimo-

158 969 256 1014 niae,
281 969 320 1006 id
345 983 457 1005 omne
482 972 555 1007 soli
579 973 766 1018 juventuti
790 972 999 1009 factumac
1024 979 1284 1021 comparatum
1308 986 1400 1010 esse.

252 1026 336 1062 Jam
367 1039 474 1071 νει-ο,
508 1041 628 1074 quum
653 1029 793 1076 cuique
818 1027 947 1064 coram
978 1029 1073 1064 viris
1104 1029 1150 1064 ad
1174 1029 1330 1075 juvenes
1354 1028 1492 1064 dicenti
1517 1027 1785 1064 difficillimum
1808 1026 1868 1072 sit,

155 1082 329 1130 utrisque
353 1081 579 1128 satisfacere,
605 1097 800 1133 quumque
823 1086 862 1121 in
883 1085 1035 1129 Vestro,
1052 1085 1103 1122 A.
1123 1085 1189 1130 H.,
1217 1097 1395 1121 consessu
1414 1085 1659 1121 celeberrimo
1684 1082 1869 1121 honorifi-

157 1140 451 1187 centissimoque
475 1140 591 1175 verba
614 1140 755 1176 faciens
779 1141 966 1189 impedire
990 1154 1064 1177 non
1090 1141 1254 1189 possim,
1286 1154 1361 1188 quo
1386 1142 1514 1176 minus
1538 1142 1595 1176 rei
1619 1141 1739 1189 ipsius
1763 1139 1868 1174 veri-

153 1202 208 1230 tas
238 1196 374 1231 Vestro
397 1195 540 1241 judicio
566 1196 800 1243 subjiciatur,
825 1210 917 1244 rogo
943 1198 1025 1233 Vos
1055 1210 1109 1240 ea,
1135 1210 1208 1244 qua
1232 1209 1302 1245 par
1326 1203 1391 1242 est,
1416 1197 1641 1241 reverentia,
1666 1202 1707 1231 ut
1729 1195 1865 1242 judicis

152 1263 356 1299 personam
380 1253 496 1299 agatis
522 1265 566 1287 ea
582 1253 767 1299 aequitate
782 1260 892 1300 atque
908 1252 1149 1300 indulgentia,
1175 1265 1250 1300 qua
1262 1253 1533 1289 humanitatem
1550 1253 1729 1289 Vestram
1754 1263 1868 1287 orna-

154 1314 232 1343 tam
251 1320 340 1344 esse
361 1309 455 1344 scio.
504 1308 639 1355 Quum
663 1315 787 1343 autem
811 1309 898 1344 licet
922 1321 1050 1344 coram
1076 1308 1220 1353 Vobis,
1254 1314 1376 1344 tamen
1400 1317 1478 1345 non
1502 1308 1548 1343 ad
1574 1308 1677 1353 Vos,
1708 1306 1772 1342 sed
1796 1319 1868 1355 po·

153 1364 229 1399 tius
253 1364 300 1399 ad
323 1365 479 1411 juvenes
499 1371 603 1401 ,totus
628 1377 754 1400 sermo
779 1365 828 1400 sit
851 1365 1028 1409 directus,
1054 1364 1205 1401 eosdem
1229 1364 1325 1409 Vos,
1350 1365 1403 1402 A.
1427 1365 1481 1401 H.
1507 1364 1681 1408 obsecro,
1704 1370 1746 1400 ut
1770 1362 1867 1398 mihi

153 1421 293 1469 absque
319 1422 424 1458 omni
449 1421 556 1457 docta
581 1429 616 1458 et
639 1421 768 1458 subtili
795 1421 944 1458 dicendi
967 1422 1114 1458 ratione
1136 1420 1254 1457 verba
1276 1419 1428 1458 facienti
1452 1434 1495 1457 ac
1510 1433 1628 1471 paene
1645 1419 1867 1457 balbutienti

152 1477 453 1515 benevolentiam
478 1478 657 1514 audiendi
687 1478 917 1527 praebeatis,
950 1485 1059 1527 atque
1083 1479 1180 1515 hanc
1203 1478 1387 1514 sermonis
1412 1491 1620 1527 rerumque
1642 1477 1867 1526 simplicita-

153 1542 230 1574 tem
263 1534 483 1573 condonetis
514 1536 577 1571 vel
602 1535 850 1572 imbecillitati
883 1548 1009 1581 meae,
1041 1536 1104 1572 vel
1136 1535 1211 1584 ipsi
1244 1535 1424 1570 orationis
1458 1534 1638 1580 consilio,
1688 1546 1783 1582 quo,
1824 1538 1879 1569 ut-

155 1591 398 1641 omni-husidn
421 1592 536 1628 rebus
563 1598 598 1627 et
621 1592 804 1627 institutis
826 1592 1004 1637 nostris,·
1020 1592 1072 1627 ita
1104 1598 1140 1627 et
1170 1592 1241 1627 hac
1265 1591 1435 1627 oratione
1457 1591 1549 1627 huic
1571 1590 1731 1637 juvenili
1755 1588 1867 1625 aetati.

153 1646 335 1695 prodesse
356 1659 399 1683 ac
423 1648 622 1684 consulere
646 1660 766 1696 quum
791 1650 902 1684 unice
925 1648 1100 1697 cupiam,
1129 1654 1213 1684 ante
1229 1647 1365 1683 omnia
1388 1646 1429 1683 id
1453 1646 1551 1682 mihi
1574 1645 1760 1693 agendum
1784 1657 1883 1682 esse*

153 1703 301 1751 putavi,
323 1707 378 1739 ut
388 1704 435 1739 ab
458 1704 519 1740 his
543 1704 839 1740 adolescentibus
863 1705 1020 1740 auribus
1045 1717 1088 1739 ac
1111 1703 1301 1740 mentibus
1325 1715 1478 1752 possem
1501 1702 1670 1750 percipi.
1692 1726 1695 1735 ι

248 1759 380 1808 Itaque
406 1772 527 1809 quum
549 1760 624 1807 jam
648 1760 694 1796 ad
705 1760 809 1806 Vos,
833 1761 1120 1797 commilitones
1132 1759 1293 1808 Optimi,
1318 1770 1400 1795 sese
1414 1763 1606 1794 convertat
1622 1756 1755 1802 oratio,
1779 1733 1864 1794 Vos

156 1815 267 1853 enixe
290 1828 393 1865 rogo,
418 1823 461 1853 ut
483 1830 556 1866 pro
579 1817 759 1854 laudabili
784 1817 1067 1862 consuetudine,
1093 1829 1207 1864 quam
1232 1817 1411 1853 Vestram
1437 1827 1517 1850 esse
1537 1814 1756 1862 gaudemus,
1780 1813 1866 1849 ani-

154 1884 221 1907 mo
250 1878 386 1908 attento
418 1885 502 1908 eam
524 1873 707 1910 audiatis.
758 1874 871 1922 Quod
904 1873 1060 1922 quidem
1085 1873 1187 1916 Vos,
1221 1872 1288 1920 qui
1322 1869 1508 1907 secundae
1541 1870 1651 1906 classi
1684 1868 1865 1918 adscripti

155 1927 258 1972 estis,
281 1926 444 1966 facturos
464 1943 545 1967 esse
562 1943 607 1967 eo
624 1931 811 1980 promtius
828 1944 952 1979 spero,
976 1929 1045 1966 ubi
1070 1936 1333 1977 argumentum
1357 1927 1537 1964 orationis
1548 1926 1778 1963 -desumtum
1801 1926 1866 1962 vi·

155 1984 287 2019 doricis
313 1997 362 2020 ex
384 1987 509 2034 primo
521 1987 793 2035 Xenophontis
810 1985 1069 2034 Cyropavediae
1092 1985 1205 2028 libro,
1230 1996 1344 2031 quem
1358 1984 1483 2021 Vobis
1498 1995 1568 2031 per
1588 1983 1661 2018 hoc
1672 1988 1880 2027 semestre,⁴

160 2039 260 2087 quod
277 2041 359 2076 Deo'
383 2043 597 2092 auspicante
612 2042 781 2079 faustum
795 2041 1001 2091 praeteriit,
1027 2041 1289 2090 interpretatus
1308 2051 1407 2076 sum.
1455 2039 1540 2076 Vos
1555 2044 1692 2082 autem,
1716 2037 1789 2086 qui·
1799 2037 1882 2074 hic,

158 2108 234 2132 una
248 2097 425 2133 adsidetis
442 2098 591 2146 primae
603 2099 867 2143 classisCives,
889 2108 1102 2146 quanquam
1118 2110 1196 2133 non
1205 2096 1378 2133 adfuistis
1396 2095 1491 2132 mihi
1509 2095 1620 2131 illum
1629 2094 1778 2137 librum
1794 2106 1880 2130 ex-r

157 2153 323 2202 plicanti,
346 2161 471 2190 tamen
497 2166 575 2189 non
598 2154 768 2191 dubitavi
792 2155 839 2190 ad
862 2153 1019 2190 eandem
1044 2154 1251 2189 orationem
1267 2151 1492 2188 audiendam
1513 2150 1678 2187 invitare
1688 2155 1726 2185 et
1742 2161 1880 2195 oram„

157 2216 198 2245 ut
222 2210 320 2246 mihi
342 2208 457 2247 verba
481 2210 631 2248 facturo
655 2211 880 2248 benevolum
904 2211 1074 2248 animum
1099 2210 1355 2258 benignusque
1376 2220 1485 2244 aures
1513 2206 1741 2256 praebeatis,
1767 2219 1880 2255 quo-.

158 2268 282 2312 niam,
313 2268 411 2303 sicut
441 2269 643 2305 arbitratus
677 2281 782 2312 sum,
813 2268 1017 2314 jucundam
1042 2274 1079 2303 et
1102 2268 1235 2302 utilem
1258 2264 1383 2302 Vobis
1410 2276 1559 2312 quoque
1590 2262 1758 2299 futuram
1782 2275 1865 2299 esse
1908 2274 1914 2285 ¹

155 2328 389 2371 rem‚'quam
414 2325 593 2371 tractabo,
616 2320 669 2360 ita
694 2324 806 2361 etiam
828 2323 940 2361 facile
962 2323 1046 2361 fieri
1069 2336 1180 2374 posse
1193 2321 1339 2372 putav-i,
1362 2322 1474 2367 ut,-si
1499 2320 1567 2369 qui
1587 2318 1730 2358 librum
1753 2318 1865 2357 illum
