2042 2662
894 179 983 241 v15

104 299 195 336 tiam
230 296 368 338 statirn
391 295 557 344 benigno
587 293 717 342 aliquo
751 290 827 328 fato
859 293 1003 342 magnis
1035 292 1244 329 honoribus
1275 299 1381 328 natos
1413 302 1457 326 ac
1490 287 1690 324 destinatos
1729 298 1811 322 esse

105 355 360 404 opinarentur.
410 352 545 399 Quum
568 351 672 387 enim
694 361 817 397 neque
840 349 886 384 ad
918 348 1068 398 opificia
1091 349 1291 397 quisquam
1323 348 1486 384 nimium
1522 343 1667 392 ingenii
1698 342 1812 379 facile

105 409 266 454 adferat,
298 415 398 444 recte
417 408 616 456 statuitur,
639 416 785 454 ‘pueros
808 406 1025 443 humilioris
1049 404 1298 449 conditionis,
1333 405 1409 440 nisi
1434 403 1500 452 qui
1525 402 1580 438 ita
1603 400 1745 447 ingenii
1768 397 1811 434 vi

103 456 286 516 polleant,
317 471 377 510 ut,
410 476 530 511 quum
553 461 665 510 genio
689 474 758 497 suo
784 462 829 497 ad
853 463 921 498 has
945 468 1040 497 artes
1068 460 1273 497 tractandas
1299 460 1423 508 abripi
1445 459 1669 501 videantur,
1704 453 1810 490 nefas

104 522 166 566 sit,
188 520 239 557 iis
262 519 533 569 impedimento
558 529 639 553 csse
661 518 771 562 velle,
794 518 930 554 melius
956 524 991 554 et
1008 518 1145 553 rectius
1163 516 1209 552 ad
1227 529 1357 552 omnes
1374 517 1464 551 alias
1480 529 1539 551 res
1554 511 1669 557 mitti,
1695 522 1810 560 quam

101 577 162 613 his
185 576 358 624 ingenuis
382 576 501 611 literis
525 572 647 620 tradi,
668 575 806 622 quibus
831 581 949 623 quum
975 575 1062 610 tales
1086 574 1216 623 pueri,
1240 567 1309 609 11111
1333 571 1476 608 fuerint
1499 569 1674 614 admissi,
1700 577 1812 616 saepo

104 632 273 669 adferant
295 637 362 666 aut
382 638 493 680 turpe
517 631 615 669 lucri
639 629 827 676 studiuin,
863 637 927 666 aut
957 641 1177 680 perversam
1208 630 1355 666 virium
1386 640 1544 664 suarum
1577 626 1809 674 opinionem,

103 691 330 740 plerumque
353 689 432 724 tam'
453 701 590 737 parum
615 688 656 724 in
679 688 729 723 iis
751 686 974 737 proficiunt,
1004 694 1048 723 ut
1080 694 1117 723 et
1140 688 1214 724 sibi
1240 694 1276 723 et
1299 686 1450 723 scholae
1474 690 1510 720 et
1533 681 1678 719 civitati
1702 678 1808 717 oneri

102 746 190 782 sint.
222 745 307 781 Jam
326 757 482 780 vero‘ne
500 744 636 789 Vobis,
663 744 947 780 commilitones
964 744 1126 793 Optimi,
1152 745 1293 794 quippe
1308 743 1446 791 quibus
1461 738 1684 790 jamdudum
1697 748 1809 786 prae-

102 801 247 837 terierit
270 801 343 836 hoc
365 801 514 849 primae
535 800 761 835 domesticae
784 800 1029 836 institutionis
1060 807 1229 849 tempus,
1262 805 1502 849 praepostera
1534 794 1711 832 videatur
1739 792 1811 828 ha-

102 870 191 893 rum
215 868 345 892 rerum
369 857 512 893 mentio
537 867 581 892 ac
604 868 689 892 sero
713 855 810 892 facta
834 857 956 901 omnis
981 857 1165 903 ejusmodi
1189 857 1370 901 monitio,
1404 867 1518 903 rogo,
1553 858 1596 888 ut
1627 848 1808 898 cogitetis,

101 911 205 962 apud
224 924 294 948 nos
318 912 449 948 codem
473 914 584 961 plane
607 912 722 948 modo
744 919 856 960 atque
877 912 976 961 apud
991 914 1122 949 Persas
1146 925 1227 948 rem
1245 913 1455 948 institutam
1481 921 1573 954 esse,
1593 913 1648 952 nt,
1673 915 1809 954 quem-

101 967 307 1004 admodum
329 969 410 1005 illic
433 969 578 1005 nemini
601 977 722 1017 puero
740 965 793 1003 ‘ati
813 969 1037 1015 proximum
1061 969 1296 1016 superiorem
1317 968 1502 1015 juvenum
1534 963 1708 1003 ordinem
1740 958 1809 995 ad-

100 1024 423 1074 spirare-licebat,
454 1024 531 1059 nisi
562 1034 714 1068 omnes,
746 1033 842 1070 quae
864 1023 994 1071 pueris
1018 1023 1164 1071 prioris*
1185 1024 1329 1059 ordinis
1354 1022 1546 1058 faciendae
1569 1024 1675 1054 erant
1697 1022 1809 1061 artes,

100 1081 195 1116 bene
218 1078 417 1125 didicerat,
442 1078 477 1127 *)
500 1079 567 1114 'sic
594 1090 664 1114 nec
688 1078 791 1124 Vos,
827 1079 904 1118 nisi
934 1079 1110 1115 omnibus
1143 1080 1255 1127 hujus
1287 1076 1534 1115 institutionis
1568 1071 1810 1110 scholasticae

101 1135 236 1172 officiis
260 1142 367 1171 antea
388 1136 462 1171 rite
477 1134 743 1179 satisfeceritis,
760 1133 805 1170 ad
818 1135 954 1171 altiora
969 1135 1180 1171 academiae
1198 1135 1322 1171 studia
1339 1134 1548 1170 admissum
1565 1130 1629 1167 iri.
1666 1128 1809 1175 Quare,

101 1203 217 1240 quae,
250 1191 284 1226 si
307 1191 354 1226 de
377 1190 603 1225 domesticae
626 1190 857 1226 educationis
881 1197 1051 1239 tempore
1072 1192 1326 1236 monuissem,
1353 1190 1482 1226 minus
1508 1187 1555 1223 ad
1579 1186 1664 1223 Vos
1688 1181 1809 1232 perti·

99 1247 288 1293 nuissent,
320 1246 450 1282 eadem
472 1244 606 1280 ⁴'tamen
636 1245 691 1280 (111ἰ
706 1245 1018 1282 hac'scholastica
1042 1246 1256 1283 conditione
1279 1247 1398 1282 vitam
1422 1242 1674 1280 academicam
1695 1249 1809 1289 prae-

99 1308 378 1353 parantenunc
403 1300 605 1345 admoniti,
630 1301 925 1350 itaffaccipienda
950 1308 987 1337 et
1010 1302 1137 1338 animo
1161 1302 1302 1339 Vestro
1325 1299 1590 1350 perpendenda
1613 1295 1811 1333 existima·-

99 1365 187 1404 tote,
209 1364 264 1403 ut,
288 1357 322 1393 si
349 1357 415 1404 qui
439 1356 628 1392 Vestrum
641 1358 818 1402 sentiant,
842 1362 886 1392 se'
905 1358 1084 1393 hactenus
1109 1358 1223 1393 rebus
1248 1357 1500 1393 incommodis
1526 1354 1569 1391 etv
1584 1352 1691 1389 duris
1715 1349 1809 1386 sub-

98 1416 229 1462 jectos,
248 1412 470 1449 adversante
481 1410 598 1448 'etiam
611 1418 757 1457 natura,
775 1418 811 1446 et
833 1413 968 1448 animo
984 1414 1018 1448 si
1033 1426 1110 1462 non
1126 1413 1340 1458 reluctante,
1365 1419 1403 1448 at
1426 1419 1526 1447 certe
1548 1412 1649 1447 lento
1674 1413 1711 1443 et
1733 1404 1809 1442 fri-

98 1470 199 1520 gido,
223 1467 379 1505 omnino
403 1469 545 1513 invita,
558 1467 660 1515 quod
683 1468 839 1513 dicunt,-
856 1464 1209 1512 Mi=nerva,'hor11m
1233 1468 1447 1504 studiorum
1469 1468 1655 1503 rationem
1678 1473 1809 1500 susce-

99 1527 220 1577 pisse,
259 1538 308 1561 ne
338 1528 444 1561 nunc
471 1523 640 1573 quidem*
656 1517 742 1560 sero
773 1522 915 1560 factum
946 1530 1098 1574 putent,
1136 1530 1283 1560 mutare
1313 1525 1444 1562 initam
1477 1524 1577 1561 vitae
1607 1521 1805 1559 rationem.

99 1581 403 1621 Verendum-est
427 1581 545 1625 enim,
576 1594 644 1626 ne,
676 1581 711 1617 si
740 1580 963 1616 academicis
995 1580 1205 1629 disciplinis
1236 1582 1364 1617 minus
1396 1588 1497 1617 recte
1520 1579 1675 1628 cognitis
1699 1573 1808 1612 omni

98 1631 275 1675 facultate
285 1649 328 1672 ac
338 1649 411 1685 spe
420 1636 590 1672 muneris
604 1636 820 1685 capessendi
834 1635 1003 1672 frustrati
1014 1635 1176 1683 fueritis,
1193 1651 1235 1673 re
1244 1650 1334 1673 vera
1349 1650 1433 1672 sero
1447 1638 1586 1684 justam
1599 1635 1808 1671 vitaerecte

99 1693 351 1732 instituendae
367 1693 602 1728 occasionem
618 1686 934 1742 praetermissam,
952 1699 1074 1741 atque,
1091 1700 1134 1728 nt
1147 1693 1187 1728 in
1200 1693 1409 1742 proverbio
1426 1700 1495 1739 est,
1510 1693 1636 1729 oleum
1651 1702 1695 1725 ac
1712 1689 1807 1736 op&

99 1764 182 1788 ram
206 1750 393 1800 perditam
417 1761 498 1784 esse
519 1749 746 1796 intelligatis.
796 1748 878 1797 Qui
910 1761 1004 1784 vero
1034 1749 1078 1784 in
1108 1749 1248 1785 litteras
1280 1746 1360 1785 tot&
1389 1746 1549 1799 pectore*
1572 1743 1806 1786 incumbitis,

99 1807 224 1853 facite,-
250 1813 290 1843 ut
313 1807 498 1843 Vestrum
523 1805 696 1841 ardorem
720 1811 758 1841 et
779 1805 1075 1841 studium‘n'ulla
1098 1804 1160 1841 res
1174 1802 1351 1855 ,frangatj
1364 1806 1467 1842 nulla
1490 1803 1715 1852 restinguat,
1739 1797 1807 1836 sed

99 1864 226 1914 potius
252 1862 420 1912 quotidie
443 1863 567 1910 magis
587 1862 757 1897 animum
779 1861 968 1898 incendite
990 1868 1100 1910 atque
1123 1860 1374 1909 inflammate,
1404 1862 1500 1912 Cyri
1530 1859 1643 1911 pueri
1676 1868 1806 1894 exem-

100 1922 209 1971 plum
231 1926 439 1969 sequentes,
466 1931 580 1967 quem
603 1931 679 1955 non
703 1919 828 1954 solum
851 1919 893 1955 in
916 1919 988 1955 hoc
1009 1919 1137 1968 primo
1154 1918 1381 1956 domesticae
1394 1915 1642 1964 institutionis
1660 1914 1805 1958 ordine,

99 1976 167 2011 sed
200 1977 314 2012 etiam
348 1976 389 2011 in
420 1976 602 2027 proximo
637 1981 801 2023 quoque
818 1975 1032 2011 studiorum
1047 1998 1050 2000 >
1064 1974 1186 2012 stadio
1217 1986 1365 2024 semper
1395 1981 1480 2011 ante
1511 1981 1660 2023 tempus
1691 1976 1808 2005 suum‘

100 2038 240 2068 metam
262 2031 497 2080 propositam
521 2030 696 2080 adtigisse
727 2038 764 2068 et
794 2031 839 2067 ad
871 2032 1019 2080 8111111118
1036 2032 1154 2080 'atque
1175 2028 1219 2068 111
1242 2031 1346 2068 0111111
1369 2025 1511 2081 genere'
1529 2022 1806 2081 perfectap'er-

99 2088 363 2125 venisse-mox
385 2087 578 2125 videbitis.
635 2109 652 2112 ›-
748 2094 751 2096 '
781 2087 799 2109 ²³
846 2106 849 2108 ·
1036 2094 1049 2103 '¹
1098 2086 1101 2089 ’
1132 2088 1158 2097 ·’
1282 2088 1309 2134 ᾗ

195 2144 286 2181 Non
311 2149 366 2178 est
389 2144 514 2190 enim,
546 2143 646 2193 qnod
677 2145 718 2181 in
741 2144 808 2181 illa
832 2139 1303 2194 Uyfi‘domestieae‘me'
1321 2142 1434 2182 laude
1457 2143 1597 2181 diutius
1621 2139 1809 2179 subsistaa

101 2213 215 2247 mus,
241 2200 461 2251 praesertim
487 2213 607 2250 quum
630 2214 653 2238 a
674 2196 929 2252 ,Xenophonte
951 2195 1259 2239 nobis'narretur
1281 2196 1443 2248 tantum,
1469 2199 1692 2237 excelluisse
1716 2192 1807 2234 eum‘

137 2324 165 2362 ³)
186 2323 300 2364 cyrop.
321 2324 354 2362 1,
373 2334 408 2362 2,
428 2324 461 2363 ᾗ,
481 2324 531 2354 15-
