2042 2662
988 169 1036 212 *5*

156 282 400 338 superiorum
422 289 522 320 uem
537 277 815 329 laudavit-‘sed
837 278 1017 318 liberiore
1028 281 1189 331 quadan
1205 282 1251 317 ad
1269 288 1385 318 totam
1411 290 1470 317 res
1497 278 1675 316 tractandi
1699 276 1865 314 indolem

155 364 199 389 ac
214 351 612 399 rationem·³pectante.
664 349 774 396 Quae
787 345 871 396 spes
889 343 937 383 ne
951 359 1019 397 per
1040 342 1106 384 me'
1127 346 1332 393 falleretur,
1358 347 1419 392 iis,
1447 345 1584 395 quibus
1609 345 1671 381 hic
1694 343 1866 392 primum

152 418 331 461 dabatur,
361 423 420 462 ut,
456 428 553 464 quae
577 414 653 464 ipsi
677 414 724 449 de
741 426 791 449 -re
815 415 939 462 aliqua
971 415 1170 460 sentirent,
1202 414 1265 449 vel
1297 426 1346 449 ex
1379 419 1546 461 tempore
1580 410 1766 454 dicerent,
1800 406 1863 442 vel

151 481 257 517 domi
282 482 441 517 consilio
467 481 677 517 accuratius
700 479 905 529 ponderato
927 480 1214 528 perscriberent,
1240 479 1329 515 tales
1355 479 1456 514 locos
1482 475 1741 526 proponebam
1766 479 1863 508 trao-

150 548 314 593 tandosf
333 546 484 595 quibus-
506 547 711 583 evitaretur
736 556 848 595 quam
871 539 1069 592 facillime,
1100 559 1149 582 ne
1172 546 1290 582 iidem
1315 546 1357 582 in
1381 542 1626 593 periclitando
1650 545 1862 590 propterea,

152 612 242 660 qm‘a
263 599 323 647 res
340 611 843 658 autni'miumssdifficultatiffi
869 617 932 647 aut
945 624 1081 660 parum
1095 611 1351 647 oblectationis
1370 610 1510 646 habere
1524 607 1729 650 videretur,
1757 602 1863 639 omni

149 676 372 713 invitation-e
395 682 564 713 carerent
586 678 648 713 vel
677 678 804 725 potius
830 676 1121 722 deterrerentur,
1152 690 1267 722 neve,
1303 676 1337 712 si
1368 681 1524 724 propter
1555 671 1745 709 infelicem
1769 680 1858 705 suc-

150 753 297 778 cessum
319 743 439 791 magis
462 742 702 792 vituperandi
727 749 866 788 essent,
893 755 1006 791 quam
1028 742 1225 788 laudandi,
1258 754 1320 777 eos
1346 754 1483 790 operae
1507 740 1701 788 impensae
1723 733 1858 784 poeni-

148 814 253 844 teret.
300 808 404 845 Hinc
418 809 552 849 setiam
566 808 708 845 factum
733 815 799 855 est,
824 815 866 844 ut
888 808 1001 844 hilari
1024 808 1149 844 animo
1178 809 1268 844 haec
1291 820 1407 857 pensa
1431 805 1609 854 discipuli
1632 803 1856 852 plerumque

150 873 402 921 susciperent,
434 874 530 909 laete
561 874 915 919 animadvertentes,
946 883 1058 922 posse
1088 874 1285 909 materiam
1307 873 1380 909 sibi
1405 872 1609 927 subjectam
1634 881 1676 903 ea
1701 865 1856 914 quidem

146 935 351 983 facultate,
375 944 448 986 q'ua
477 939 638 987 praediti
672 946 811 985 essent,
844 948 962 987 eaque
984 940 1155 984 scientia,
1197 946 1310 987 quam
1333 944 1501 987 paratam
1525 935 1726 977 haberent,
1760 943 1782 965 a
1814 940 1855 964 se

145 1003 296 1038 tractari
322 1009 433 1050 atque
456 1004 592 1051 subigi.
630 1004 752 1050 *Quae
776 1003 894 1039 animi
916 1003 1077 1048 laetitia,
1110 1009 1184 1050 qua
1217 1004 1301 1050 quis
1335 1003 1381 1037 ad
1404 1015 1505 1046 rem,
1539 1012 1634 1048 quae
1666 997 1743 1047 ipsi
1765 1006 1855 1045 per-

146 1066 285 1115 agenda
307 1068 553 1116 proponitur,
578 1067 806 1104 tractandam
824 1072 875 1104 'se
895 1069 1072 1116 accingit,
1096 1074 1139 1103 ut
1161 1068 1376 1104 testimonio
1401 1073 1475 1112 est,
1500 1065 1620 1115 ipsius
1645 1061 1796 1110 ingenio
1821 1065 1857 1094 et

144 1133 294 1170 viribus
318 1147 403 1170 eam
427 1140 510 1170 esse'
531 1141 832 1181 consentaneam,
857 1135 909 1171 ita
933 1141 1013 1171 tum
1038 1134 1191 1170 demum
1216 1134 1328 1189 etiam
1352 1139 1452 1170 recte
1476 1132 1673 1168 inventum
1698 1134 1732 1164 et
1757 1126 1855 1162 elec-

146 1204 227 1233 tum
251 1211 350 1234 esse·
356 1210 446 1234 exer
448 1200 668 1235 citationum
691 1212 807 1247 genus
830 1200 1055 1246 judicabam,
1080 1199 1114 1234 si
1138 1200 1252 1234 alacri
1277 1212 1319 1234 ac
1341 1198 1475 1235 vivido
1499 1196 1619 1233 animi
1640 1200 1747 1230 motu
1769 1192 1854 1241 ple·

142 1264 283 1311 rosque
298 1264 447 1299 saltem
456 1263 507 1298 ad
530 1263 571 1299 id
593 1263 865 1313 pefflciendnm
890 1264 984 1301 ferri
1006 1264 1189 1311 viderem,
1213 1263 1313 1312 qnod
1338 1263 1492 1312 quidem
1514 1256 1645 1299 meum
1667 1257 1854 1307 judicium

142 1328 367 1376 plerumque
390 1341 438 1364 ex
458 1335 642 1378 prospero
666 1332 840 1366 successu
864 1327 960 1366 mihi
984 1330 1270 1379 comprobatum
1292 1328 1379 1366 fuit.

193 1394 322 1430 =2=Jam
348 1402 467 1441 quum
490 1400 575 1429 'ante
599 1391 756 1441 aliquot.
773 1388 890 1429 annos
921 1386 1093 1442 primum
1123 1395 1389 1442 Xenophontis
1414 1393 1675 1441 Cyropaediae
1705 1389 1850 1426 librum

144 1458 783 1508 explicassem,cujus-plures‘loci
807 1447 1158 1494 causam'dederan't
1183 1459 1270 1493 talia
1291 1458 1483 1502 monendi,
1508 1457 1660 1502 accidit,
1684 1461 1728 1490 nt
1749 1452 1850 1490 mihi

143 1523 222 1570 eius
247 1524 443 1569 orationis,
477 1537 550 1573 qua
583 1524 768 1560 examinis
799 1524 945 1574 publici
977 1524 1146 1560 solennia
1167 1522 1396 1572 inaugurare
1419 1523 1602 1569 solemus,
1639 1519 1849 1558 recitandae

139 1590 339 1639 provincia
363 1590 662 1628 demandaretur.
713 1587 819 1628 Usus
839 1604 925 1627 sum
956 1591 1072 1639 igitur
1102 1590 1184 1625 data
1214 1590 1428 1636 occasione,
1465 1596 1509 1625 ut
1538 1587 1733 1637 discipulis
1765 1587 1848 1635 ipse

139 1655 225 1692 talis
240 1656 459 1704 argumenti
485 1653 701 1705 &emplum
725 1657 966 1702 exhiberem,
999 1656 1216 1703 ostendens,
1259 1656 1427 1705 „quibus
1458 1656 1500 1692 in
1531 1656 1644 1692 rebus
1670 1652 1849 1703 discipuli

142 1716 274 1757 ardens
315 1721 524 1757 excellendi*
552 1722 746 1769 studium,
797 1710 874 1771 quo
903 1708 1029 1771 Cyrus
1059 1732 1157 1771 puer
1205 1720 1322 1770 (auct.
1354 1723 1532 1771 Xenoph.
1558 1723 1701 1770 Cyrop.
1731 1720 1772 1763 Ι,
1807 1719 1845 1762 4,

142 1787 175 1834 §.-
199 1786 363 1834 4—15.)
394 1787 591 1835 flagravi-t,-
614 1789 757 1825 imitari
779 1789 964 1838 possint.“
984 1791 1017 1834 *)
1067 1785 1176 1835 Quae
1200 1788 1319 1823 oratio
1346 1797 1463 1836 quum
1486 1788 1613 1835 plnres
1638 1784 1846 1834 discipulos

143 1863 220 1887 non
253 1851 375 1886 solum
405 1853 459 1887 ita
489 1852 720 1900 delectasset,
751 1854 811 1900 ut,
835 1853 948 1902 ‘quod
980 1852 1164 1888 audiendo
1194 1865 1271 1888 non
1292 1853 1380 1888 satis
1403 1852 1615 1901 percepisse
1638 1850 1713 1886 sibi
1735 1849 1845 1885 vide-

142 1915 290 1963 bantur,
306 1916 466 1965 ‘legendo
486 1918 659 1967 'repetere
681 1931 723 1954 ac
746 1920 884 1955 melius
908 1919 1114 1966 intelligere
1137 1925 1327 1968 cuperent,
1352 1918 1415 1954 sed
1440 1918 1552 1953 etiam
1566 1916 1619 1963 id,
1645 1914 1746 1965 quod
1762 1921 1845 1950 tum

142 1990 386 2030 speraveram·
398 1989 438 2019 et
460 1985 770 2033 concupiveram,
802 1985 999 2031 effecisset,
1031 1991 1073 2021 ut
1098 1985 1243 2033 plures,
1270 1985 1335 2033 qui
1358 1983 1623 2033 Xenophontis
1648 1983 1843 2031 cyropae-

143 2046 245 2082 diam
267 2048 436 2085 nendum
460 2050 649 2102 legerant,
676 2063 759 2087 eam
776 2050 986 2088 domestico
1000 2047 1134 2087 studio
1156 2057 1372 2097 tractarent,
1397 2061 1481 2099 spes
1506 2049 1594 2085 inde
1615 2047 1710 2084 mihi
1734 2051 1843 2082 enata

143 2118 209 2159 eat,
230 2107 296 2148 me
310 2119 492 2189 eteorum
507 2116 794 2175 discipulorum,
818 2117 884 2199 qui
903 2107 1008 2171 nunc
1026 2117 1146 2154 nostri
1169 2122 1267 2163 sunt,
1293 2123 1329 2153 et
1352 2129 1499 2163 eorum,
1525 2116 1589 2163 qui
1614 2114 1706 2150 alias
1730 2111 1842 2149 scho-

181 2270 210 2310 ‘)
229 2264 275 2301 Cf.
295 2272 402 2313 Progr.
412 2293 421 2310 ‚
447 2253 532 2312 qnod
545 2264 666 2332 prodiit
684 2287 766 2314 anne
785 2276 1036 2314 MDCCCXXX,
1063 2286 1098 2316 p
1112 2276 1183 2316 45„
1210 2277 1263 2308 ubi
1288 2276 1349 2307 hoc
1366 2275 1447 2306 inin»
1467 2273 1617 2305 orationi,
1635 2277 1840 2315 argumentum

224 2319 351 2350 suina-
365 2321 496 2351 remum
510 2321 665 2361 legam-,¹
