2042 2662
955 142 1010 183 35

133 254 336 291 academici
361 260 520 301 senatus,
545 255 639 292 olim
662 255 824 305 denique
839 255 1012 293 omnium
1024 254 1312 304 magistratuum
1327 252 1583 305 superiorum,
1606 264 1720 301 penes
1737 261 1832 302 quos

129 317 196 356 est,
221 312 304 348 Vos
328 309 511 359 gradatim
534 311 580 347 ad
604 312 767 348 honores
791 312 967 373 attollere,
992 312 1194 376 Vobisque
1216 310 1375 373 publica
1392 321 1552 346 munera
1576 308 1735 346 deferre.
1770 309 1833 347 Ac

129 367 228 404 sicut
243 367 401 416 Cyrum
423 364 671 405 discedentem
696 379 825 403 omnes
848 354 1038 417 aequales,
1068 368 1166 414 viri,
1198 379 1303 403 senes
1328 379 1425 403 cum
1440 367 1524 416 ipso
1547 365 1719 415 Astyage
1739 377 1834 429 pro-

128 422 281 471 sequuti
304 429 408 469 sunt,
431 424 465 469 *)
499 424 552 459 ita
583 434 653 458 nos
687 435 839 471 quoque
863 425 946 461 Vos
978 425 1054 473 piis
1078 424 1177 460 votis
1203 430 1239 459 et
1262 424 1458 460 tenerrimi
1481 421 1623 458 amoris
1647 422 1833 458 memoria

127 481 415 527 prosequemur.
463 479 569 515 Tum
593 484 719 514 autem
743 479 866 516 Vobis
891 481 1078 527 continget
1099 478 1218 524 idem,
1253 478 1354 526 quod
1378 479 1481 525 Cyro
1505 477 1680 524 contigit,
1718 490 1833 525 quem

128 533 234 570 domi
258 534 428 582 aequales
453 539 491 568 et·
513 533 644 578 amici,
681 547 803 582 quum
825 535 1003 570 reducem
1026 546 1114 570 eum
1137 534 1297 583 pristina
1320 532 1504 570 modestia
1526 539 1562 568 et
1585 533 1831 581 temperantia

127 589 250 626 adhuc
273 595 466 634 ornatum,
501 589 631 625 multis
662 602 755 626 vero
787 591 898 626 novis
921 589 1127 626 virtutibus
1153 595 1192 624 et.
1212 589 1355 625 artibus
1380 595 1532 624 auctum
1556 589 1829 635 cognovissent,

126 650 228 690 tanto
252 644 419 692 amplexi
443 650 533 680 sunt
554 656 695 691 amore,
719 652 763 689 ut
784 646 945 694 pristino
968 657 1056 693 erga
1080 646 1229 692 Cyrum
1253 644 1378 678 studio
1402 656 1479 679 non
1501 638 1616 679 modo
1638 643 1737 681 nihil
1760 644 1830 680 de-

125 705 298 745 tractum,
322 699 387 735 sed
411 700 525 736 etiam
539 701 712 737 'multum
734 701 893 751 insuper
915 701 1085 737 additum
1109 712 1189 739 esse
1213 699 1417 736 videretur.
1441 697 1494 746 **)

221 756 306 794 Jam
328 767 422 791 vero
430 783 441 801 ,
468 768 587 803 quum
610 757 683 792 hoc
705 756 820 792 modo
846 758 994 806 Cyrum
1018 756 1176 792 domum
1199 754 1422 804 prosequuti
1445 754 1585 799 simus,
1611 767 1655 791 eo
1679 755 1828 792 taudem

125 823 194 847 nos
218 810 437 859 pervenisse
459 810 617 857 videtis,
646 811 748 847 unde
771 825 902 848 sumus
927 812 1096 861 digressi.
1146 812 1204 847 Ita
1225 811 1340 858 igitur
1364 816 1439 845 tota
1461 809 1636 857 imaginis
1661 810 1830 861 descrip-

125 866 239 912 tione,
264 878 378 914 quam
402 865 526 903 Vobis
548 862 837 915 spoponderam,
860 868 1031 905 absoluta
1054 880 1131 904 non
1155 867 1299 913 dubito,
1326 866 1416 915 quin
1439 865 1562 903 Vobis
1578 865 1703 914 Cyrus
1719 879 1827 916 puer,

124 929 302 970 quantam
324 922 365 957 in
388 923 513 970 prima
536 923 710 969 imaginis
735 923 1020 959 adumbratione
1043 924 1293 960 concitaverat
1325 917 1638 970 exspectationem
1670 923 1733 959 sui
1764 925 1825 960 vel

123 977 266 1026 ingenii
290 978 353 1013 vel
376 978 514 1022 animi,
544 981 684 1013 tantam
713 991 790 1013 non
821 978 935 1014 modo
969 980 1147 1015 contiuuo
1172 979 1395 1014 sustinuisse
1418 990 1462 1013 ac
1485 978 1601 1013 tuitus
1627 989 1727 1023 esse,
1759 979 1825 1015 sed

123 1034 166 1070 in
189 1033 363 1082 pluribus
387 1034 500 1070 rebus
534 1033 647 1069 etiam
678 1047 874 1083 superasse
906 1035 1092 1072 videatur.
1142 1034 1274 1082 Quare
1300 1046 1420 1082 quum
1451 1033 1511 1079 id,
1543 1032 1765 1081 quod-mihi
1788 1036 1828 1072 in

125 1089 259 1138 optatis
283 1088 376 1134 fuit,
399 1090 476 1135 jam
499 1102 650 1137 sperare
672 1091 799 1135 liceat,
825 1091 907 1127 Vos
932 1091 1115 1138 praeclari
1138 1091 1251 1135 hujus
1274 1089 1385 1137 pueri
1409 1090 1636 1125 memoriam
1659 1090 1712 1125 ita
1736 1104 1830 1127 con-

123 1151 337 1181 servaturos
363 1157 459 1190 esse,
484 1151 526 1181 ut
549 1144 836 1193 flagrantissimo
862 1152 897 1182 et
921 1145 1133 1193 diligentiae
1157 1152 1194 1182 et
1216 1144 1369 1181 virtutis
1394 1144 1519 1185 studio
1544 1145 1627 1182 Vos
1652 1146 1688 1181 ei
1711 1159 1826 1194 quam

123 1201 338 1236 simillimos
362 1207 552 1248 praestare
576 1202 784 1246 conemini,
816 1201 930 1237 finem
963 1202 1123 1236 orationi
1155 1214 1262 1237 meae
1292 1200 1566 1247 imponendum
1590 1213 1671 1236 esse
1695 1214 1826 1239 cense-

122 1269 224 1300 rem,
258 1256 332 1291 uisi
362 1255 565 1302 perorandi
599 1255 768 1291 officium
792 1262 1022 1304 superesset,
1058 1268 1134 1303 quo
1157 1255 1260 1291 haud
1284 1255 1363 1290 scio
1387 1266 1437 1289 an
1460 1255 1538 1289 ullo
1561 1255 1675 1290 modo
1700 1258 1824 1304 aptius

73 1311 75 1313 ’
121 1310 230 1359 fungi
251 1310 408 1359 possim,
434 1323 547 1358 quam
571 1311 604 1346 si
622 1311 717 1359 Cyri
735 1317 860 1359 partes
883 1312 1061 1348 hactenus
1079 1310 1202 1348 Vobis
1225 1310 1378 1346 traditas
1401 1309 1479 1356 jam
1501 1309 1584 1358 ipse
1608 1311 1825 1360 suscipiam.

120 1367 179 1403 Ita
201 1367 318 1402 simul
340 1365 519 1401 facillime
543 1378 585 1401 ea
609 1366 740 1413 agendi
763 1367 872 1412 ratio,
897 1379 1011 1415 quam
1026 1367 1152 1414 Cyrus
1169 1366 1268 1411 iniit,
1293 1364 1529 1413 adaptabitur
1543 1377 1694 1402 summo
1709 1367 1823 1414 hujus

122 1420 301 1458 orationis
326 1421 484 1457 consilio
509 1434 552 1457 ac
575 1420 655 1468 fini,
680 1422 864 1458 examinis
889 1421 1059 1458 solennia
1076 1433 1149 1469 per
1173 1433 1257 1457 eam
1279 1419 1542 1468 inaugurandi.

217 1478 344 1526 Cyrus
369 1478 483 1522 enim,
508 1491 628 1526 quum
650 1479 818 1527 Astyage
841 1484 993 1514 mortuo
1017 1477 1160 1513 bellum
1184 1477 1230 1512 ab
1254 1476 1430 1525 Assyriis
1456 1483 1671 1513 moveretur
1694 1485 1822 1516 contra

121 1532 274 1578 Medos,
308 1533 387 1570 dux
411 1532 530 1569 factus
557 1541 611 1569 est
635 1534 830 1582 copiarum
860 1533 1128 1577 auxiliarium,
1163 1545 1255 1581 quas
1280 1534 1415 1569 Persae
1437 1532 1562 1584 Medis
1585 1534 1733 1570 mittere
1755 1534 1823 1571 de-

122 1595 328 1625 creverant.
347 1588 420 1636 ***)
472 1590 588 1636 Quod
602 1590 809 1638 imperium
833 1602 952 1637 quum
976 1588 1189 1638 accepisset,
1214 1588 1261 1624 ad
1277 1588 1469 1634 ducentos,
1494 1601 1587 1637 quos
1611 1589 1686 1625 sibi
1700 1590 1822 1638 elege-

121 1651 190 1690 rat,
215 1643 328 1680 duces
352 1643 498 1680 nobiles
522 1645 730 1682 orationem
753 1645 897 1690 habuit,
923 1657 997 1692 qua
1022 1650 1085 1680 eos
1110 1643 1368 1680 acl-certamen
1390 1642 1482 1681 forti
1505 1644 1631 1683 animo
1655 1644 1823 1682 subeun-

121 1701 214 1737 dum
238 1700 510 1736 exhortaretur.
534 1700 580 1748 †)
626 1702 688 1737 En
711 1700 876 1737 similem
894 1706 1061 1736 nostram
1078 1700 1282 1741 rationem!
1330 1701 1419 1748 Ego,
1436 1712 1586 1749 quoque
1611 1701 1717 1747 quasi
1740 1700 1821 1738 dux

119 1756 238 1793 factus
263 1768 349 1791 sum
373 1756 516 1802 Vobis,
549 1757 614 1806 qui
648 1756 734 1791 estis
760 1757 890 1806 copiae
913 1756 1005 1791 olim
1029 1755 1173 1791 civitati
1205 1755 1375 1792 subsidio
1407 1755 1625 1800 mittendae,
1658 1756 1722 1791 eui
1750 1769 1821 1805 per

119 1824 278 1849 munera
302 1824 323 1847 a
348 1812 470 1849 Vobis
496 1820 621 1849 sancta
644 1812 716 1849 fide
741 1812 997 1848 administrata
1011 1824 1059 1848 ex
1074 1812 1228 1848 scientia
1246 1812 1386 1849 Vestra
1401 1811 1581 1848 redundet
1593 1811 1747 1857 utilitas,
1772 1825 1820 1849 ex

118 1869 260 1905 virtute
284 1867 426 1903 auxilia
448 1874 640 1916 parentur.
683 1869 771 1905 Jam
794 1869 882 1904 licet
904 1867 1032 1916 dispar
1055 1867 1105 1902 sit
1126 1868 1235 1913 ratio,
1261 1868 1363 1916 quod
1375 1867 1449 1903 illis
1466 1873 1543 1902 tum
1555 1879 1681 1915 pugna
1704 1868 1821 1903 insta-

117 1925 181 1960 bat
205 1930 357 1959 cruenta
381 1930 415 1959 et
432 1923 590 1976 hpstilis‚
615 1924 739 1962 Vobis
754 1930 879 1960 autem
891 1936 992 1959 nunc
1007 1935 1132 1973 pugna
1145 1923 1309 1960 ineunda
1325 1930 1378 1959 est
1395 1923 1561 1958 literaria
1575 1928 1611 1958 et
1626 1923 1734 1970 quasi
1751 1936 1821 1972 pa-

119 1986 211 2024 cata,
234 1979 276 2014 in
295 1991 339 2013 eo
356 1986 476 2014 tamen
495 1979 595 2020 haud
612 1979 743 2028 dispar
763 1986 829 2024 est,
854 1978 956 2027 quod
981 1986 1016 2015 et
1032 1979 1155 2016 Vobis
1174 1992 1301 2027 aeque,
1325 1985 1434 2026 atque
1456 1978 1532 2014 illis
1549 1978 1589 2013 id
1605 1977 1819 2014 faciendum

120 2041 211 2079 erat,
232 2034 336 2069 omni
349 2047 462 2082 opera
476 2041 531 2070 est
541 2035 763 2080 cavendum,
787 2047 846 2079 ne,
868 2035 902 2070 si
918 2035 1017 2070 lasso
1030 2035 1156 2070 animo
1173 2034 1439 2084 pugnaveritis,
1453 2034 1566 2069 etiam
1577 2034 1750 2081 priorum
1760 2034 1820 2070 la-

119 2091 257 2126 borum
278 2101 320 2125 ac
344 2089 557 2126 studiorum
576 2088 702 2127 fructu
727 2090 945 2140 privemini.
992 2090 1121 2138 Quare
1138 2084 1317 2126 facillima
1332 2089 1430 2126 mihi
1447 2090 1519 2125 erit
1537 2089 1629 2137 Cyri
1646 2089 1821 2136 imitatio,

122 2159 254 2194 quum,
281 2145 417 2195 quibus
443 2147 670 2194 argumentis
693 2160 785 2183 usus
809 2153 863 2183 est
887 2146 933 2182 ad
958 2147 1103 2183 animos
1129 2146 1270 2183 ducum
1295 2144 1514 2182 fortitudine
1537 2150 1572 2179 et
1590 2142 1730 2181 fiducia
1744 2146 1822 2182 im-

158 2267 185 2305 1-)
210 2266 323 2304 cyrop.
344 2266 371 2304 1,
390 2245 423 2301 4,v
438 2266 465 2304 §·
486 2267 625 2299 25—26.
701 2267 746 2307 **)*
762 2269 787 2305 1,
809 2269 837 2307 5,
855 2268 882 2306 §-
906 2278 931 2298 ι.
1009 2269 1072 2306 ***)
1091 2270 1118 2305 1,
1140 2268 1169 2306 5,
1189 2268 1216 2306 §-
1236 2267 1339 2300 2-5.
1411 2266 1445 2303 †)
1464 2264 1488 2301 1,
1509 2264 1588 2348 2552
1607 2266 1729 2304 7-14,
