2042 2662
976 218 1033 262 38

247 326 517 365 Rooordnmini
540 327 663 373 enim,
695 338 812 376 supra
835 340 859 363 a
878 339 944 364 me
965 335 1302 366 commoratum
1326 341 1428 375 esse,
1459 339 1575 370 omne
1597 328 1696 377 apud
1719 326 1855 367 Medos

127 394 130 397 ·
150 382 428 421 inventionis
452 383 603 420 artibus*
620 381 855 418 addiscendis
877 381 1080 419 consilium
1102 382 1144 419 id
1166 383 1305 431 fuisse,
1330 392 1374 421 ut
1394 385 1465 422 hac
1487 397 1532 421 re
1554 384 1628 421 rite
1649 392 1852 434 praepara-

152 445 238 477 rent
258 450 407 488 pugnae
429 437 717 475 committendae
739 443 877 484 artem,
907 438 971 474 vel
993 438 1149 475 omnino
1172 439 1262 481 belli
1285 441 1437 489 gerendi
1460 441 1670 478 scientiam.
1719 441 1854 488 Quum

149 496 268 545 igitur
286 495 412 544 Cyrus
427 495 470 531 in
490 494 569 531 illis
592 492 770 530 omnibus
787 493 951 529 venandi
974 493 1116 530 artibus
1139 495 1192 532 ita
1215 497 1423 546 encellereg
1446 504 1489 534 ut
1509 497 1620 543 nihil,
1644 497 1748 547 quod
1770 509 1854 533 me-

150 551 227 591 lius
257 557 468 596 exemeret,
498 547 753 598 discendoque
784 548 954 594 adderet,
982 549 1177 598 reliquum
1197 551 1333 588 fecisse
1361 552 1575 600 videretur,
1609 554 1684 590 hoc
1707 560 1853 590 tantum

149 606 327 652 restabat,
350 612 405 652 ut,
430 604 729 653 quomodwillas
752 612 851 642 artes
874 604 921 641 ad
945 605 1171 644 belli-usum
1193 606 1371 647 adhibere
1393 614 1531 657 posset,
1553 609 1677 657 prima
1702 621 1853 658 quaque

149 662 288 712 proelii
317 661 514 696 occasione
542 660 763 698 ostenderet.
824 660 1005 709 Namque
1032 667 1115 697 tum
1145 661 1319 708 demum,
1353 664 1387 699 si
1419 675 1468 699 ex
1499 658 1598 699 b'ello
1627 671 1853 713 reportasset

148 716 350 755 victoriam
374 716 554 765 aliquam,
577 716 618 753 in
646 716 753 763 cujus
773 714 888 753 finem
912 728 1043 753 omnes
1062 716 1151 754 illae
1171 718 1454 756 exercitationes
1478 719 1670 756 institutae
1691 718 1851 766 fuerant,

149 778 298 823 poterat
318 771 471 808 tandem
492 773 587 810 satia
605 772 785 821 probatus
808 772 954 809 haberi.
1164 787 1169 792 ¹

246 828 350 874 Jam,
385 839 481 876 quae
502 828 648 876 magnis
665 826 875 864 ¹virtutibus
901 834 937 864 et
959 827 1119 876 ingeniis
1141 828 1345 878 praeclaris
1367 841 1448 865 esse
1477 829 1573 866 solet
1600 828 1778 876 felicitas,
1810 838 1853 867 ut

150 883 305 921 fortuna
327 885 369 921 in
393 882 600 919 eorundem
622 883 836 920 societatem
859 883 1047 933 quandam
1068 885 1215 932 veniat,
1246 886 1319 922 hoc
1342 886 1497 934 contigit
1517 886 1631 922 ctiam
1654 887 1780 936 Cyro,
1811 892 1853 923 ut

149 952 229 977 non
252 939 320 976 diu
350 938 427 988 ipsi
450 938 706 989 exspectanda
735 945 831 976 esset
860 939 944 976 talis
977 940 1184 976 occasionis
1215 941 1493 990 opportunitas,
1526 954 1660 990 quam,
1693 941 1853 977 simulac

150 995 226 1031 sibi
250 995 412 1031 oblatam
434 1000 676 1042 cognoverat,
708 1006 807 1043 puer
835 994 1014 1044 cupidine
1043 995 1232 1043 majorum
1261 1009 1392 1033 rernm
1422 997 1670 1046 gerendarum
1691 996 1852 1045 flagrans

152 1049 373 1087 avidissime
394 1049 567 1097 arripuit.
615 1049 727 1084 Nam.
742 1061 862 1096 quum
887 1056 1042 1085 aetatem
1063 1049 1144 1085 fere
1167 1051 1383 1098 quindecim
1413 1053 1477 1088 vel
1507 1052 1699 1088 sexdecim
1729 1064 1852 1094 anno-

148 1118 240 1143 rum
262 1104 452 1153 attigisset,
476 1103 623 1150 accidit,
646 1111 689 1141 ut
711 1103 811 1141 filius
835 1104 955 1142 vicini
977 1105 1077 1153 regis
1100 1105 1358 1154 Assyriorum
1381 1105 1544 1142 venandi
1567 1118 1677 1142 causa
1701 1107 1744 1142 in
1766 1106 1853 1144 Μο-

150 1161 289 1198 dorum
312 1167 452 1197 terram
475 1160 731 1197 incursionem
748 1160 898 1198 faceret.
924 1161 956 1207 *)
981 1161 1071 1208 Quo
1084 1156 1217 1198 nuntio
1233 1162 1576 1211 acceptoAstyage's
1591 1174 1636 1198 eo
1652 1162 1853 1208 contendit,

150 1217 325 1265 hostique
340 1216 467 1265 copias
484 1216 672 1266 opposuit.
696 1218 796 1254 Ecce
811 1216 935 1253 subito
943 1216 1082 1266 Cyrus,
1091 1228 1159 1253 sua
1171 1224 1303 1267 sponte
1311 1217 1577 1266 subsequutus,
1586 1230 1683 1267 equo
1694 1217 1853 1255 advehi-

149 1276 231 1310 tur!
255 1274 318 1310 Ac
331 1273 400 1309 vix
415 1272 541 1309 hostes
558 1279 814 1321 conspexerat,
826 1285 945 1321 quum
959 1272 1298 1321 prudentissimum
1314 1286 1377 1310 eos
1395 1273 1634 1322 adgrediendi
1648 1274 1852 1311 consilium

152 1328 311 1378 aperuit,
320 1339 396 1375 quo
412 1339 505 1363 avus
521 1328 633 1377 pueri
647 1336 685 1364 >et
698 1328 938 1378 prudentiam
955 1333 991 1363 et
1004 1327 1177 1364 animum
1191 1328 1238 1364 ad
1255 1340 1385 1364 omnes
1400 1340 1460 1364 res
1474 1329 1762 1364 attentissimum
1776 1330 1852 1365 mi-

150 1391 254 1423 ratus
278 1384 403 1419 statim
426 1383 478 1419 ita
501 1395 593 1419 usus
615 1390 689 1429 est,
712 1390 756 1420 ut
773 1384 860 1419 ‘acie
885 1383 942 1420 sic
963 1383 1144 1419 instructa
1166 1384 1318 1432 signum
1342 1384 1458 1421 daret.
1481 1382 1536 1430 **)
1582 1384 1873 1433 Cyrusautem-

150 1439 302 1476 consilii
315 1437 552 1487 prudentiam
567 1451 661 1481 mox
676 1439 869 1487 superavit
882 1445 982 1475 tanta
998 1437 1108 1474 fortis
1132 1440 1250 1475 animi
1274 1446 1386 1487 atque
1407 1440 1654 1488 imperterriti
1677 1446 1853 1476 constan-

149 1495 224 1540 tia,
255 1500 298 1530 ut
326 1506 403 1530 non
427 1492 541 1529 modo
564 1494 688 1530 hostes
712 1495 754 1531 in
776 1493 905 1542 fugam
927 1493 1144 1541 conjiceret,
1162 1494 1234 1533 sed
1257 1494 1425 1543 cyaxari
1448 1505 1600 1542 quoque
1623 1488 1853 1543 caeterisque

151 1550 313 1589 ducibus
330 1549 565 1598 segnioribus
581 1550 750 1587 animum
764 1550 926 1597 adderet,
942 1562 1082 1599 eosque
1095 1549 1143 1585 ad
1157 1550 1304 1586 hostem
1316 1548 1618 1599 persequendum
1632 1550 1851 1599 impelleret.

153 1606 261 1656 Quid
283 1612 365 1642 tum
387 1606 599 1655 Astyages?
645 1606 776 1643 Primo
799 1607 994 1651 haesitare,
1018 1612 1147 1642 utrum
1170 1618 1334 1655 puerum
1356 1604 1692 1654 prudentissimum
1716 1604 1849 1643 fortis—

149 1663 368 1711 simumque
399 1661 588 1707 laudaret,
618 1673 667 1698 an
691 1661 977 1711 reprehenderet
999 1660 1315 1706 audacissimum3
1345 1672 1439 1698 mox
1460 1667 1602 1725 tamen,
1625 1673 1745 1710 quum
1765 1662 1861 1710 glo->

147 1719 292 1757 riosam
308 1718 412 1754 hanc
431 1716 633 1753 victoriam
649 1718 721 1753 soli
737 1719 841 1766 Cyro
856 1717 987 1754 deberi
1000 1717 1234 1764 intelligeret,
1255 1730 1333 1753 non
1345 1716 1481 1765 potuit,
1505 1716 1597 1765 quin
1612 1730 1713 1763 eum,
1737 1729 1851 1768 quem

150 1776 327 1812 hactenus
351 1773 537 1809 dilui-at·
545 1778 581 1808 et
602 1772 644 1807 in
666 1774 811 1809 honore
832 1774 1024 1818 habuerat,
1046 1773 1123 1820 jam
1146 1783 1296 1809 'summa
1319 1771 1567 1807 admiratione
1589 1771 1742 1820 dignum
1759 1785 1849 1811 cen-

151 1835 260 1866 seret.
312 1827 414 1875 Quid
440 1827 602 1863 caeteri?
652 1828 795 1865 Omnes
819 1830 968 1878 Cyrum
990 1830 1032 1862 in
1054 1840 1120 1862 ore
1134 1828 1328 1872 habebant,
1354 1827 1660 1875 carminibusque
1682 1829 1850 1865 celebra-

150 1886 252 1922 bant.
298 1884 408 1920 Pater
431 1888 557 1918 autem
580 1882 807 1933 Cambyses,
831 1883 915 1929 cui,
939 1882 1009 1919 ubi
1032 1881 1079 1918 de
1101 1882 1161 1919 his
1184 1881 1298 1918 rebus
1322 1883 1460 1919 certior
1481 1880 1599 1919 sactus
1623 1890 1721 1929 erat,
1752 1897 1849 1933 puer

148 1943 225 1991 jam
247 1940 326 1977 viri
348 1938 444 1975 facta
468 1937 578 1974 edere
600 1939 815 1986 videbatur,
844 1945 993 1989 tempus
1015 1938 1293 1988 praeparationi
1316 1938 1445 1975 datum
1466 1938 1519 1987 ita
1542 1938 1636 1975 bene
1659 1952 1748 1975 eum
1771 1941 1852 1976 col-

149 1999 292 2035 locasse
313 1995 513 2045 judicavit,
543 2001 587 2031 ut
608 2008 686 2032 non
709 1995 913 2042 dubitaret,
945 2007 1123 2033 revocare
1155 2007 1244 2032 eum
1269 1995 1315 2032 ad
1337 1994 1485 2042 juvenis
1509 1994 1633 2032 officia
1657 2007 1705 2033 ex
1727 1997 1849 2046 patrio

151 2066 261 2091 more
284 2050 533 2101 exsequenda.
588 2047 693 2088 Hinc
715 2050 857 2089 factum
881 2058 957 2099 est,
987 2058 1030 2089 ut
1053 2052 1178 2102 Cyrus
1202 2065 1350 2089 summa
1372 2050 1484 2089 laude
1505 2058 1659 2089 ornatus
1684 2059 1719 2089 et
1740 2052 1849 2089 donis

152 2110 347 2146 decoratus
372 2108 615 2157 amplissimis
640 2107 686 2143 ab
710 2109 879 2158 Astyage
900 2108 1164 2145 dimitteretur.
1189 2110 1261 2157 ***)
1383 2114 1390 2120 “

228 2166 292 2203 Sic
299 2164 422 2203 Vobis
439 2175 590 2212 quoque
601 2163 789 2210 omnibus,
797 2163 1271 2215 Commifflonessspfimi,
1259 2170 1371 2201 instat
1381 2164 1466 2201 talis
1480 2164 1585 2212 quasi
1596 2174 1743 2212 pugnae
1752 2163 1847 2200 sub-

150 2222 294 2258 eundae
316 2220 537 2265 necessitas3
566 2220 649 2267 erit,
675 2221 747 2258 erit
765 2220 862 2257 illud
886 2220 1054 2270 profecto
1078 2227 1290 2257 exnemum
1314 2221 1415 2258 vitae
1436 2220 1674 2257 scholasticae
1688 2226 1850 2271 tempus,

187 2345 220 2384 ·>
238 2344 351 2385 cymp.
370 2344 395 2380 1,
416 2345 444 2380 4,
464 2344 491 2381 §-
517 2344 560 2375 ιε.
637 2345 686 2382 u)
703 2342 729 2381 1,
749 2345 777 2380 4,
797 2343 826 2382 §-
848 2345 987 2376 18-20.
1064 2343 1128 2381 m>
1147 2343 1174 2381 1,
1193 2343 1222 2381 4,
1241 2344 1269 2381 5.
1288 2343 1426 2374 21—25.
1593 2391 1616 2428 5
