2042 2662
979 176 1033 215 30

152 297 280 335 preces
305 283 444 321 saciat?
492 285 616 332 Cyrus
642 290 786 329 autem,
810 283 896 319 licet
920 284 1051 329 sciret,
1077 283 1206 332 quanti
1230 283 1276 319 ab
1300 284 1467 333 Astyage
1490 283 1707 333 haberetur,
1732 294 1855 329 quan-

155 347 310 387 tumque
333 338 497 385 rogando
522 338 623 387 apud
648 352 736 374 eum
758 340 910 384 valeret,
935 339 1023 375 licet
1044 340 1166 388 ipsius
1190 339 1386 375 ambitioni
1410 345 1445 374 et
1467 338 1623 374 honoris
1645 336 1854 386 cupiditati,

155 396 309 443 acrique
332 394 456 429 studio
481 394 556 439 illi,
583 407 658 441 quo
684 393 1097 441 omnibusgratificari,
1121 396 1356 443 aliorumque
1379 393 1587 431 commodis
1611 393 1769 440 benigne
1792 392 1855 427 in-

153 451 300 486 servire
321 448 524 495 gaudebat,
557 449 596 484 id
630 450 796 484 maxime
828 449 1079 494 blandiretur,
1118 450 1218 497 quod
1243 462 1265 485 a
1287 450 1382 485 viris
1406 448 1679 486 honestissimis
1702 446 1851 496 saepius

153 504 366 553 rogabatur,
390 509 433 538 ut
448 516 519 552 pro
535 504 627 552 ipsis
642 503 741 551 apud
754 505 946 552 Astyagen
960 495 1216 551 intereederet‚
1228 504 1262 551 *)
1287 517 1479 553 nunquam
1495 510 1617 539 tamen
1632 503 1674 538 in
1687 501 1852 549 rogando

154 573 176 595 a
200 561 309 595 solita
331 558 559 594 verecundia
582 560 745 594 recessit.
793 561 925 595 Preces
950 560 1067 606 igitur
1088 566 1155 595 aut
1177 561 1361 595 sermonis
1381 557 1645 594 festivitatibus
1661 556 1854 603 ingenuis·-

155 627 228 664 que
242 614 397 658 salibus,
422 613 558 661 quibus
575 613 799 659 abundabat,
824 613 1030 662 prudenter
1041 614 1202 661 condire,
1210 614 1372 660 solebat,
1395 619 1458 650 aut
1482 618 1735 663 opportunum
1758 617 1854 647 tem-

154 684 227 721 pus
241 669 409 707 modeste
429 669 676 717 exspectabat.
702 668 754 715 **)

252 725 358 772 Quid
370 724 532 771 denique
547 723 669 758 dicam
683 723 731 758 de
744 730 848 771 grato
872 724 939 760 illo
964 725 1104 770 animo,
1130 736 1205 772 quo
1226 736 1381 760 omnem
1405 730 1537 769 artem,
1558 723 1749 767 virtutem,
1772 721 1856 757 lau-

154 783 241 818 dem
265 793 339 828 qua
361 779 520 826 insignis
546 785 652 824 esset,
677 779 868 815 educatori
891 793 982 826 suo,
1014 780 1215 823 monitori,
1238 780 1472 828 praeceptori
1496 785 1683 827 acceptam
1713 776 1854 813 refere-

154 837 243 871 bat?
269 835 342 881 ***)
394 833 499 880 Quid
523 833 570 868 de
593 835 747 869 caeteris
773 835 851 883 ejus
875 835 1100 879 virtutibus,
1132 833 1178 869 de
1200 834 1363 881 jucunda
1387 835 1451 871 illa
1479 834 1600 870 animi
1629 831 1787 868 mollitie
1819 837 1857 867 et

156 892 222 941 pia
246 888 515 934 sollicitudine,
541 901 615 936 qua
640 901 756 925 avum
781 897 973 938 aegrotum
996 890 1162 934 curabat,
1185 891 1282 935 ”**)
1306 889 1397 937 quid
1422 889 1469 925 de
1487 889 1675 933 comitate,
1699 893 1736 926 et
1749 887 1856 922 ami-

154 946 256 989 citia,
280 956 353 991 qua
376 944 419 978 in
444 944 620 978 omnibus
637 944 750 980 rebus
766 946 938 993 aequales
956 942 1334 993 amplectebatur?†)-
1376 943 1481 991 Quid
1494 944 1629 992 plum?
1666 942 1803 978 Talem
1813 953 1855 976 se

154 999 271 1049 gessit
291 999 437 1046 Cyrus,
461 1005 505 1034 ut
527 1000 787 1047 superioribus
812 1001 1015 1046 modestia,
1045 999 1263 1047 aequalibus
1287 999 1489 1045 suavitate,
1520 997 1696 1034 omnibus
1719 997 1856 1034 huma,-

157 1056 272 1091 nitate
295 1060 392 1088 esset
413 1053 722 1099 jucundissimus.
747 1054 822 1102 ·f-†)

251 1109 309 1145 At
330 1120 422 1143 vero
446 1107 604 1144 forsitan
638 1109 760 1146 Vobis
785 1110 920 1145 videor
949 1109 1065 1145 nimis
1096 1108 1251 1144 laudare
1285 1109 1434 1156 Cyrum
1462 1121 1646 1157 puerum,
1677 1115 1714 1145 et
1744 1109 1855 1145 talem

156 1164 355 1208 exhibere,
392 1164 541 1210 qualem
566 1162 685 1199 fuisse
715 1165 786 1201 vix
818 1165 999 1201 credibile
1030 1165 1090 1201 sit.
1137 1165 1302 1201 Necesse
1323 1164 1440 1210 igitur
1468 1171 1546 1208 est,
1575 1170 1619 1199 ut
1641 1165 1792 1199 eumin
1816 1175 1857 1198 so

154 1219 332 1256 habuisse
356 1230 525 1266 quoque,
550 1219 652 1267 quod
676 1221 900 1269 reprehendi
923 1219 1113 1266 debuerit,
1137 1218 1356 1255 concedam:
1388 1231 1458 1254 nec
1482 1225 1556 1264 est,
1581 1218 1681 1267 quod
1703 1219 1777 1255 hoc
1799 1225 1857 1254 ta,-

157 1287 275 1312 ceam.
323 1273 397 1309 Sed
418 1274 533 1309 etiam
557 1280 639 1315 tum
661 1275 789 1322 timeo,
812 1283 856 1312 ut
877 1287 1014 1311 verum
1036 1274 1204 1338 prodere·
1218 1273 1362 1318 credar,
1387 1287 1526 1321 quum,
1547 1286 1791 1322 quaeeunque
1811 1274 1856 1311 in

159 1342 204 1367 eo
228 1327 534 1377 reprehendenda
558 1337 679 1375 erant,
705 1338 826 1367 essent
848 1331 956 1397 talia,
988 1330 1114 1377 qualia
1136 1331 1178 1365 in
1195 1329 1294 1364 bono
1317 1341 1436 1377 puero
1461 1342 1541 1364 esse
1565 1330 1696 1374 solent,
1719 1335 1763 1364 ut
1778 1341 1855 1364 non

156 1392 235 1421 tam
249 1383 373 1419 labem
390 1382 660 1431 adspergerent,
678 1398 803 1449 quam,
818 1392 860 1421 ut
878 1386 918 1421 in
914 1374 1094 1433 pictura,
1111 1384 1219 1432 quasi
1238 1383 1412 1419 umbram
1428 1383 1604 1419 adderent
1612 1384 1703 1419 luci.
1733 1384 1856 1419 Nam-

157 1452 231 1490 que
241 1439 339 1475 nihil
361 1436 441 1474 fere
464 1438 580 1485 aliud,
604 1439 680 1476 uisi
694 1441 860 1478 nimium
874 1440 1080 1477 excellendi
1096 1439 1276 1485 studium,
1301 1445 1336 1475 et
1351 1451 1404 1485 ea,
1429 1451 1525 1488 quae
1542 1439 1632 1476 inde
1647 1438 1857 1488 proficisci-

159 1504 231 1540 tur,
255 1495 376 1530 nimia
401 1493 556 1529 audacia
579 1496 620 1530 in
642 1497 822 1543 periculis
847 1496 1051 1532 subeundis
1074 1494 1148 1531 fuit
1168 1495 1221 1540 id,
1247 1494 1348 1542 quod
1369 1506 1641 1542 nonnunquam
1654 1495 1858 1542 reprehen-

158 1551 259 1586 sioni
283 1550 411 1584 locum
427 1548 540 1585 dedit.
565 1549 669 1597 -Η-Ι-)
717 1552 800 1588 Jam
817 1564 923 1597 vero,
947 1550 1015 1586 ubi
1029 1550 1085 1586 sic
1100 1548 1370 1599 vituperandus
1385 1548 1520 1595 fuerat,
1545 1549 1692 1598 quantis
1704 1549 1858 1585 virtuti-

156 1607 228 1642 bus
253 1604 379 1640 statim
400 1604 585 1652 aequabat
606 1606 695 1642 talia
717 1607 870 1643 delictal
918 1605 1299 1643 Licet-enimssomnis
1322 1605 1548 1653 vituperatio
1572 1606 1672 1641 hunc
1694 1617 1856 1653 puerum

158 1661 314 1697 honoris
339 1666 376 1694 et
396 1659 929 1706 ambitionis-cupidissimum
952 1661 1193 1698 vehementer
1214 1666 1414 1707 pungeret,
1442 1667 1565 1695 tamen
1595 1658 1856 1708 praeterquam

161 1714 266 1764 quod
286 1713 385 1749 tristi
410 1712 543 1749 animo?
562 1720 596 1749 et
619 1720 764 1750 moesto
789 1714 899 1750 vultu
930 1714 1062 1762 culpae
1092 1715 1285 1750 conscium
1317 1715 1478 1751 minime
1507 1714 1703 1751 dedecente
1733 1714 1856 1751 adsta-

158 1772 233 1815 bat,
257 1781 453 1817 nunquam
473 1780 582 1815 aegre
603 1766 745 1806 ferebat
767 1770 1008 1815 monitorem,
1030 1769 1171 1805 nedum
1194 1769 1452 1818 interpellabat
1473 1770 1535 1805 vel
1559 1771 1791 1819 obstrepebat
1806 1772 1854 1816 ei,

159 1826 225 1861 sed
247 1825 373 1873 potius
398 1830 522 1859 tacens
545 1823 817 1871 increpationes
841 1824 998 1873 patienti
1023 1825 1149 1860 animo
1181 1824 1373 1871 audiebat,
1403 1825 1606 1874 subitoque
1632 1827 1855 1876 resipiscens

158 1880 457 1930 promtissimam
479 1878 732 1917 obedientiam
761 1880 990 1928 praestabat,
1023 1880 1102 1917 imo
1132 1893 1223 1916 vero
1256 1893 1392 1929 poenas
1423 1882 1505 1928 ipse
1534 1882 1610 1917 sibi
1641 1882 1857 1929 expostula-

161 1937 237 1970 bat.
251 1933 383 1981 -Η-Η-)
435 1933 566 1981 Quid?
587 1934 689 1996 quod
703 1935 784 1983 ipse
798 1937 893 1971 laeto
909 1941 1091 1983 gratoque
1104 1936 1230 1973 animo
1241 1935 1465 1972 memoriam
1477 1936 1617 1983 prioris
1633 1948 1775 1984 poenae
1793 1949 1855 1971 re-

159 1990 280 2040 petit?
329 1990 468 2025 Narrat
490 1989 592 2025 enim
615 1989 679 2037 in0
660 2002 797 2034 ⁶‚enue
828 2003 869 2028 se
890 1991 1005 2035 olim,
1041 2003 1160 2038 quum
1190 1990 1392 2027 domestica
1421 1991 1654 2027 institutione
1676 1998 1856 2038 uteretur,-

160 2046 380 2093 castigatum
400 2056 482 2082 esse
507 2057 527 2079 a
544 2051 796 2097 praeceptore,
821 2046 1015 2093 quoniam,
1034 2046 1130 2082 ubi
1118 2047 1194 2095 ipsi
1208 2047 1267 2092 jus
1285 2046 1495 2082 dicendum·
1503 2045 1636 2091 fuerat,
1664 2058 1740 2082 non
1747 2050 1855 2089 recte

161 2100 417 2146 dijudicasset,
433 2120 435 2123 ν
449 2111 607 2145 eamque
637 2099 685 2136 ob
716 2112 800 2136 rem
822 2100 949 2136 laudat
971 2101 1213 2148 magistrum,
1250 2102 1390 2150 quippe
1412 2114 1435 2136 a
1456 2113 1534 2149 quo
1556 2102 1629 2137 hoc
1650 2101 1763 2137 modo
1787 2101 1872 2135 αεὶ--

201 2226 549 2267 ·)ομορ.ι,4,ς.ι.
590 2225 1074 2267 **)1‚4,§.5.9.1013.14.
1162 2229 1561 2268 )1‚3,§2set4‚5.7.
1664 2229 1841 2268 )14§2

277 2274 503 2312 †)1,4,§.1.
581 2272 925 2310 ††)1,4,§·2.4.6.
1003 2275 1376 2314 ff†)14§.s.9.20
1462 2275 1750 2316 ††f-†)1,4§9.
