2042 2662
951 179 1007 219 34

130 291 166 321 et
183 285 373 323 illucescet
395 285 603 335 aliquando
613 287 679 323 ille
701 286 801 331 dies,
827 298 903 333 quo
919 286 1155 324 documentis
1176 288 1282 324 editis
1304 294 1476 324 testatum
1499 288 1622 325 facere
1646 287 1841 333 debebitis,

132 340 229 386 Vos,
247 354 493 390 quaecunque
512 343 690 379 hactenus
707 341 830 378 Vobis
846 341 983 377 tradita
998 343 1085 389 sint,
1102 350 1138 379 et
1156 344 1251 379 bene
1275 344 1464 389 didicisse,
1485 352 1522 380 et
1545 345 1682 380 scitum
1707 350 1841 379 eorum

131 397 505 450 usumpossefacere.
531 397 866 446 Proponunturibi
880 397 1000 434 Vobis
1012 399 1231 446 primaluce
1242 400 1522 436 instarillorum
1531 398 1844 436 hostiumdevin-
1893 408 1896 410 '

133 452 339 489 cendorum
354 467 471 502 pensa
487 454 664 491 omnibus
679 453 820 500 ingenii
834 452 984 488 viribus
1001 454 1261 501 adgredienda,
1275 455 1452 503 urgenda,
1472 455 1677 501 vincendag
1703 454 1842 503 quibus

133 508 202 543 vix
215 510 422 557 conspectis
435 510 560 545 statim
575 515 730 558 propter
742 509 922 557 temporis
936 511 1103 546 concessi
1117 512 1303 559 angustias
1314 511 1438 548 Vobis
1451 516 1601 560 promto
1617 511 1744 546 anime
1758 522 1843 548 τεῦτ-

133 569 215 599 tum
233 565 449 610 consilium,
464 564 652 613 quomodo
670 563 881 599 invadenda
897 565 973 601 sint·
986 577 1041 611 ea,
1055 573 1110 602 est
1124 566 1360 615 capiendum.
1386 568 1491 604 Tum
1504 567 1546 603 in
1562 567 1687 602 charta
1700 577 1844 614 propo*-

132 618 204 654 sita
227 620 398 667 aperitur
415 621 538 657 Vobis
553 632 720 668 campus,
736 620 932 664 ubi,>sicut
953 622 1034 658 illic
1057 623 1188 670 copiae
1212 628 1376 657 armatae
1399 621 1638 657 instruendae
1662 627 1777 664 erant,
1790 620 1846 655 sic

135 674 199 710 hic
229 676 499 711 sententiarum
532 675 682 711 ordines
707 687 750 711 ac
772 676 1051 713 vocabulorum
1072 677 1201 725 copias
1225 683 1323 712 recte
1346 676 1564 726 disponatis.
1613 677 1697 713 Hac
1720 681 1844 712 autem

134 742 259 779 pugna
284 731 391 777 quasi
417 731 564 766 eminus
589 730 686 766 facta
708 744 801 767 mox
824 744 883 767 res
910 745 955 767 eo
978 733 1186 779 perveniet,
1210 739 1253 768 ut
1275 733 1394 768 veluti
1418 733 1589 769 cominus
1606 732 1729 769 Vobis
1747 742 1844 779 pug—

134 785 303 821 nandum
335 786 396 823 sit.
446 787 526 824 Ubi
558 788 661 822 enim
686 800 753 822 ore
775 788 987 823 instituitur
1010 800 1188 831 examen,
1221 788 1390 835 singulae
1416 788 1648 835 quaestiones
1672 799 1772 823 nunc
1797 797 1844 820 ex

135 841 408 878 mathematicis
432 842 584 878 latebris
607 848 880 891 prorumpunt,
913 855 1013 878 nunc
1036 855 1085 878 ex
1109 842 1288 878 historiae
1311 842 1419 878 silvis
1443 849 1647 891 proruunt,
1671 853 1772 878 nunc
1795 852 1845 876 ex

135 897 402 945 grammaticae
430 898 541 934 vallis
567 904 603 934 et
624 899 824 934 moenibus
848 898 1034 946 impetum
1057 897 1220 942 faciunt3
1264 896 1398 934 deinde
1428 911 1521 935 vero
1553 905 1697 935 veteres
1722 897 1845 945 scrip,-

136 959 235 988 tores
260 959 436 1003 tanquam
462 953 574 989 duces
597 954 820 1003 peritissimi
844 954 1113 990 sententiarum
1137 966 1293 989 suarum
1310 954 1460 990 ordines
1483 954 1621 1003 optime
1642 955 1842 989 instructos

135 1007 372 1058 producunt,
403 1010 470 1058 qui
495 1022 517 1046 a
540 1010 666 1046 Vobis
691 1009 950 1055 dissolvendi,
969 1009 1164 1054 vincendi,
1190 1009 1362 1058 capiendi
1387 1016 1485 1046 sunt.
1532 1010 1594 1048 Ac
1617 1009 1714 1045 sicut
1738 1008 1841 1057 Cyro

138 1078 260 1114 puero
285 1065 489 1102 adfuerunt
508 1073 616 1102 testes
645 1073 757 1115 atque
780 1067 1037 1102 observatores
1062 1066 1248 1113 Astyages
1275 1078 1362 1111 rex,
1389 1066 1544 1113 ejusque
1570 1064 1670 1101 filius
1691 1065 1843 1113 Cyaxa-

134 1133 215 1164 res,
250 1122 461 1168 caeterique
484 1121 687 1157 Medorum
710 1122 900 1169 principes
927 1120 1189 1167 exercitusque
1213 1121 1348 1165 duces,
1382 1122 1437 1155 sic
1472 1122 1555 1158 Vos
1591 1133 1741 1169 quoque
1775 1121 1844 1156 ha-

137 1176 232 1211 betis
264 1176 377 1222 hujus
409 1176 622 1212 certaminis
651 1177 896 1224 gravissimos
928 1182 1035 1212 testes
1069 1182 1179 1223 atque
1210 1175 1488 1222 observatores,
1525 1177 1667 1213 Virum
1697 1189 1845 1212 summe

138 1232 423 1277 venerandum,
448 1233 524 1277 cui,
548 1239 590 1267 ut
613 1233 728 1279 Regis
752 1232 908 1268 nomine
928 1244 1105 1280 praesens
1130 1232 1190 1275 sit,
1216 1230 1384 1267 officium
1406 1232 1653 1267 commissum
1677 1238 1744 1277 est,
1768 1232 1846 1268 Vi-

139 1299 227 1322 rum
250 1287 419 1321 maxime
442 1287 728 1331 Reverendum,
764 1299 963 1322 summum
987 1287 1134 1321 scholae
1157 1287 1362 1322 Patronum
1387 1287 1660 1335 Capitularem,
1684 1286 1846 1334 denique

139 1344 327 1378 exercitus
351 1342 563 1378 scholastici
587 1342 721 1387 duces,
754 1343 780 1379 i.
808 1355 838 1378 e.
864 1344 1122 1390 praeceptores
1148 1342 1318 1378 vestros.
1365 1342 1481 1389 Agite
1503 1342 1638 1389 igitur,
1668 1347 1710 1378 ut
1741 1341 1845 1389 pari-

138 1406 213 1443 ter,
246 1411 289 1433 ac
321 1399 467 1446 Cyrus,
503 1399 743 1435 Vestris-his
776 1399 931 1434 testibus
964 1397 1199 1446 probemini3
1231 1398 1345 1444 agite,
1378 1403 1420 1433 ut
1452 1409 1500 1433 ex
1529 1397 1649 1432 literis
1674 1409 1697 1432 a
1717 1396 1845 1433 Vobis

139 1454 318 1490 exhibitis
352 1454 477 1488 statim
501 1454 661 1499 eluceat,
694 1466 808 1501 quam
838 1460 937 1489 recte
966 1453 1223 1500 judicaveritis
1257 1452 1304 1488 de
1334 1465 1540 1501 pensorum
1563 1452 1847 1501 propositorum

140 1510 300 1545 consilio
333 1522 376 1544 ac
409 1508 502 1555 fine,
535 1522 649 1557 quam
682 1516 788 1545 acute
810 1509 1019 1546 vitaveritis
1053 1522 1182 1545 omnes
1205 1509 1358 1546 viarum
1382 1509 1575 1557 ambages,
1609 1520 1722 1556 quam
1753 1507 1846 1543 scite

140 1572 176 1602 et
192 1565 399 1614 prudenter
414 1566 658 1613 profligaritis
676 1567 758 1601 loca
775 1566 1000 1614 periculosa,
1012 1577 1124 1612 quam
1143 1565 1238 1600 bene
1255 1571 1402 1600 ornatas
1418 1576 1460 1600 ac
1475 1565 1573 1610 justo
1591 1563 1723 1600 ordine
1739 1563 1845 1599 ince-

141 1621 267 1656 dentes
283 1620 541 1668 produxeritis
558 1622 722 1668 singulas
737 1634 862 1666 voces,
875 1634 988 1668 quam
997 1627 1096 1656 recte
1111 1620 1371 1668 disposueritis
1391 1626 1425 1656 et
1441 1620 1697 1667 explicueritis
1715 1617 1845 1655 omnes

142 1676 371 1714 Vestrarum
394 1677 662 1711 sententiarum
687 1676 862 1721 ordines3
896 1675 1094 1721 ostendite,
1120 1688 1232 1723 quam
1256 1682 1400 1721 paratas
1423 1675 1590 1712 habeatis
1611 1687 1742 1710 omnes
1765 1674 1847 1710 sin·
1897 1697 1899 1699 —

141 1732 319 1780 gularum
343 1731 600 1766 doctrinarum
625 1733 772 1778 copias,
797 1733 868 1777 ita,
892 1738 952 1776 ut,
976 1731 1193 1779 ubicunque
1219 1732 1429 1778 exigantur,
1452 1731 1578 1767 statim
1602 1730 1642 1765 in
1665 1736 1845 1778 promptu

140 1788 234 1834 sint,
267 1800 359 1835 quas
383 1787 425 1822 in
449 1792 620 1834 apertum
644 1799 821 1834 campum
845 1786 1075 1835 producatis.

237 1843 388 1891 Quodsi
412 1842 523 1878 nobis
546 1843 707 1887 licuerit,
731 1842 856 1879 Vobis
881 1840 1040 1890 perinde
1064 1847 1172 1888 atque
1187 1843 1291 1891 Cyro
1314 1855 1390 1879 non
1415 1841 1528 1878 modo
1552 1840 1800 1877 honorificam
1824 1854 1846 1876 a

143 1899 271 1934 schola
294 1898 457 1934 abeundi
480 1898 633 1934 veniam
658 1898 871 1944 concedere,
896 1896 961 1933 sed
986 1896 1098 1932 etiam
1115 1897 1196 1934 Vos
1223 1910 1358 1934 ornare
1382 1898 1536 1934 salutari
1559 1897 1625 1933 illa
1649 1895 1748 1944 apud
1763 1896 1846 1932 Ro-

141 1967 275 1990 manos
300 1955 428 2000 litera,
460 1968 546 2000 seu,
585 1954 652 2002 qui
684 1967 774 1989 usus
808 1953 909 2002 apud
938 1965 1007 1988 nos
1031 1953 1149 1998 valet,
1180 1966 1341 1989 numero
1365 1953 1565 2002 primario,
1590 1964 1665 1999 quo
1691 1950 1772 1988 Vos
1798 1949 1847 2007 ad

141 2009 267 2046 studia
291 2010 423 2045 altiora
447 2011 635 2049 tractanda
658 2022 748 2058 prae
772 2009 925 2045 caeteris
953 2014 1056 2056 aptos
1081 2015 1117 2044 et
1140 2009 1437 2045 accommodatos
1454 2008 1687 2057 profitemur,
1710 2018 1846 2054 magna

143 2078 192 2101 ex
215 2066 288 2101 hoc
311 2066 474 2100 secundo
497 2079 627 2101 rerum
652 2066 878 2102 Vestrarum
910 2065 1016 2100 exitu
1046 2065 1156 2101 nobis
1193 2071 1387 2101 enascetur
1417 2064 1591 2112 voluptas
1624 2069 1735 2110 atque
1765 2063 1846 2098 lae-
1889 2080 1893 2084 ·

142 2120 235 2156 titia.
284 2121 392 2157 Haec
416 2126 542 2156 autem
565 2122 711 2169 egregia
736 2127 772 2157 et
795 2119 954 2158 illustris
978 2120 1059 2156 laus
1076 2121 1215 2156 Vestra
1237 2120 1279 2157 in
1303 2133 1369 2156 ore
1393 2119 1476 2165 erit,
1500 2119 1534 2155 si
1557 2131 1633 2155 non
1658 2117 1844 2163 omnium,

142 2182 180 2212 at
204 2183 301 2212 certe
325 2189 471 2222 eorum,
496 2176 537 2212 in
564 2185 727 2224 quorum
751 2191 817 2213 ore
839 2184 881 2213 ut
904 2177 966 2222 sit,
990 2177 1128 2213 Vestra
1146 2189 1260 2224 quam
1275 2176 1444 2212 maxime
1465 2176 1629 2219 interest,
1654 2174 1681 2210 i.
1697 2186 1729 2210 e.
1743 2186 1846 2210 nuuc

145 2231 299 2280 quidem
324 2233 473 2268 scholae
495 2238 761 2281 patronorum,
785 2239 1089 2282 praeceptorum,
1116 2232 1437 2277 commilitonum,
1461 2236 1676 2280 parentum,
1701 2230 1845 2266 amico-

143 2299 252 2334 rum,
284 2289 457 2325 omnium
490 2289 646 2326 omnino
670 2289 733 2326 vel
756 2289 880 2327 Vobis
903 2289 966 2326 vel
989 2288 1047 2326 rei
1069 2282 1311 2326 scholasticae
1332 2286 1561 2334 faventium,
1596 2298 1690 2323 mox
1719 2292 1843 2322 autem
