2042 2662
1003 185 1152 253 262—-

175 303 249 326 ·eos
271 291 524 338 etostendite,
549 299 779 343 quantopere
801 293 986 332 exsultent
1008 296 1132 332 instat*
1149 308 1348 333 cervorum
1371 296 1882 346 montanorum'geandisona

185 352 378 382 oratorum
411 353 446 383 et
474 354 671 395 poetarum
705 350 840 394 verba3
876 363 991 398 quam
1020 352 1231 397 jucundum
1261 354 1329 399 sit,
1360 352 1502 388 abditas
1526 353 1568 388 in
1588 354 1740 389 latebris
1764 352 1882 388 animi

174 401 446 437 -remotissimis
468 403 784 452 philosophorum
807 407 1004 442 sententias
1027 413 1151 443 mente
1174 409 1296 455 sagaci
1319 408 1553 455 investigare.
1603 409 1684 456 Qui
1698 421 1799 444 *vero
1822 408 1882 444 his

176 456 317 492 :studiis
350 469 395 493 eo
421 467 693 505 pervenerunt,
725 468 767 497 ut
789 462 1048 509 superioribus
1073 463 1269 499 ordinibus
1294 464 1471 512 adscripti
1501 464 1543 499 in
1567 465 1750 501 Vestrum
1774 463 1884 499 soda-

182 512 475 560 litium.·recipi›
491 515 654 562 possint,
695 517 764 552 hos
795 516 983 552 incendite
1010 529 1148 565 magno
1178 519 1399 555 aemulandi·
1420 519 1565 565 studio,
1600 525 1644 555 ut
1673 519 1778 555 laudi
1809 518 1883 555 sibi

176 568 341 615 dueum
365 569 493 606 Vobis
515 569 646 605 haberi
668 571 831 616 similes,
856 571 1059 608 dissimiles
1083 574 1118 609 si
1141 574 1397 622 nepertiantur,
1421 586 1575 611 summo
1596 575 1780 611 dedecori.

278 625 509 673 Quanquam
538 636 631 660 vero
661 626 739 671 jam
768 627 881 662 talem
905 628 1001 675 Cyri
1030 629 1142 677 pueri
1166 629 1291 666 Vobis
1319 629 1542 676 imaginem
1552 630 1727 680 depinxi,
1760 629 1881 676 qualis

178 691 262 716 -non
284 679 397 716 facile
420 681 493 715 alia
514 681 634 729 possit
656 682 775 729 magis
799 682 989 719 adhortari
1013 683 1060 719 ad
1085 684 1252 720 discendi
1269 684 1522 733 cupiditatem,
1544 687 1607 722 vel
1622 685 1881 722 vehementius

182 735 421 771 inflammare
436 735 483 771 ad
500 737 705 773 excellendi
720 737 900 784 studium,
924 738 1056 775 dubito
1077 745 1211 782 tamen,
1234 752 1281 775 an
1303 740 1426 776 Vobis
1447 742 1524 786 jam
1546 742 1753 777 absolutam
1772 740 1882 776 exhi-

183 791 313 827 buisse
333 791 466 827 videai
490 792 705 840 imaginem.
754 795 857 830 Bene
880 794 982 829 euim
1006 802 1240 858 compertum
1263 795 1427 840 habetis,
1451 796 1494 831 in
1515 797 1586 832 hac
1610 797 1794 832 examinis
1817 795 1883 831 so·-

177 848 379 898 ›lenuitate‚
410 847 507 883 sicut
538 848 579 884 in
613 849 789 885 omuibus
813 850 926 885 iebus
950 852 1118 895 nostris,
1142 850 1326 897 insignem
1349 851 1391 886 in
1412 821 1534 887 literis
1559 859 1594 887 et
1617 852 1760 887 artibus
1783 858 1883 887 trao-

174 896 304 938 ·tandis
337 902 488 937 laudem
519 909 555 937 et
584 903 744 950 glotiam
774 917 851 939 non
884 906 1004 940 solam
1035 905 1234 952 expectari
1253 906 1374 940 solere
1403 917 1425 941 a
1449 906 1594 951 Vobis,
1622 906 1688 941 sed
1710 906 1881 954 exoptat-i

172 958 295 993 *etiam
304 958 425 993 animi
435 958 623 1007 pietatem,
641 971 668 995 v
669 958 741 994 itae
752 959 1014 1005 sinceritatem,
1032 960 1254 995 suavitatem
1267 972 1436 996 morum.
1459 960 1590 1008 Quare
1598 964 1653 1006 ut,
1674 962 1740 1009 qui
1755 962 1883 997 imita-

181 1014 285 1050 tione
297 1014 436 1051 Vestra
444 1013 840 1061 dignuspraedicatur,
852 1027 943 1051 vere
953 1015 1087 1062 dignus
1098 1015 1160 1059 sit,
1168 1022 1268 1050 recte
1279 1015 1495 1050 desideratis
1507 1022 1618 1063 atque
1626 1016 1881 1065 expostulatis,

182 1075 226 1105 ut
243 1067 530 1116 ad⁴diligentiae
550 1074 586 1103 et
607 1068 723 1104 studii
740 1070 996 1105 excellentiam
1029 1070 1140 1104 etiam
1172 1070 1324 1105 vii-tutis
1347 1071 1429 1105 laus
1454 1076 1491 1107 et
1512 1082 1665 1107 morum
1689 1081 1881 1107 commen-

182 1125 293 1160 datio.
308 1123 474 1168 accedat,
506 1135 555 1159 ne
578 1124 792 1167 pecundum
827 1125 1078 1171 proverbium
1107 1124 1202 1159 illud
1225 1125 1311 1171 plus
1335 1123 1509 1169 deficere,
1541 1138 1655 1172 quam
1677 1125 1882 1174 profecisse

180 1179 366 1215 videatur.
413 1179 497 1214 Jam
521 1179 638 1226 igitur
660 1185 785 1214 mente
801 1179 939 1216 Vestra
954 1179 1127 1214 divinare
1142 1179 1308 1227 potestis,
1332 1179 1363 1214 si
1385 1179 1481 1227 Cyri
1503 1179 1627 1227 imago
1650 1187 1727 1216 tam
1750 1192 1882 1216 manca

174 1244 332 1283 tamque
355 1234 488 1270 mutila
512 1241 618 1280 esset,
643 1241 686 1271 ut
708 1234 755 1270 ab
780 1247 856 1271 una
876 1241 983 1282 parte
1006 1234 1235 1270 adhortandi·
1249 1233 1463 1286 facultatem
1475 1233 1680 1282 praebend,
1700 1236 1751 1271 ab
1767 1236 1882 1271 altera

180 1286 515 1328 vererethortandi
538 1290 793 1324 necessitatem
816 1291 1039 1337 imponeret,
1060 1301 1123 1324 me
1145 1289 1242 1324 hanc
1265 1288 1389 1325 Vobis
1413 1289 1568 1324 omuino
1589 1300 1668 1325 nou
1689 1291 1883 1327 exhibituu-

182 1358 271 1383 rum
298 1344 438 1389 fuisse,
473 1343 615 1392 quippe
645 1344 712 1391 qui
742 1356 828 1380 mea
851 1345 962 1392 culpa
983 1343 1124 1380 factum
1149 1356 1236 1379 esse
1252 1343 1471 1388 arbitrarer,
1502 1345 1537 1380 si
1560 1344 1797 1409 dubitaretis,
1832 1358 1881 1381 an

179 1402 244 1450 pia
275 1412 428 1435 motum
462 1400 648 1434 bonotum
684 1412 774 1434 cura
805 1411 894 1434 cum
926 1399 1121 1434 excellenti
1157 1398 1325 1434 discendi
1355 1398 1480 1433 studio
1513 1399 1609 1434 bene
1639 1401 1814 1447 conjungi
1846 1407 1884 1435 et

178 1455 300 1505 possit
323 1461 360 1489 et
382 1453 524 1489 debeat.
572 1453 644 1490 Sed
668 1461 812 1490 tantum
835 1454 956 1500 abest,
986 1460 1030 1489 ut
1052 1454 1094 1490 in
1118 1454 1213 1490 hanc
1236 1453 1505 1490 dubitationem
1527 1454 1695 1491 incidere
1716 1455 1880 1506 possitis,

180 1518 225 1547 ιιι
257 1510 508 1545 admiraturus
539 1521 609 1545 vos
643 1523 724 1545 esse
755 1523 922 1557 sperem,
958 1511 991 1545 si
1021 1510 1178 1545 virtutes
1208 1516 1285 1545 tam
1308 1509 1486 1544 amabiles
1509 1516 1546 1545 et
1565 1516 1705 1545 tantam
1727 1521 1880 1546 morum

180 1566 396 1602 comitatem
426 1576 515 1599 cum
538 1570 615 1599 tam
631 1565 774 1601 eximia
797 1564 939 1612 ingenii
961 1564 1004 1600 vi
1028 1570 1063 1599 et
1076 1564 1337 1600 ardentissima
1360 1563 1565 1600 excellendi
1588 1564 1764 1613 cupidine
1783 1565 1882 1601 ami-

181 1622 334 1658 cissimo
363 1620 520 1656 viuculo
552 1621 766 1666 conjunctas
799 1620 994 1656 videritis.1
1033 1620 1083 1656 Et
1113 1627 1213 1655 recte
1243 1619 1394 1667 quidem
1423 1616 1717 1656 admirabimini.
1764 1620 1881 1667 Quod

174 1677 286 1712 enim
314 1681 415 1710 tanto
447 1686 535 1709 cum
566 1675 685 1710 animi
718 1675 853 1710 ardore
885 1686 1014 1710 omnes
1045 1686 1106 1710 res
1137 1673 1331 1709 discendas
1363 1673 1739 1737 adgrediektoersid
1761 1675 1881 1723 magis

180 1731 310 1768 debuit
333 1736 501 1775 naturae,
524 1730 630 1777 cujus
654 1730 838 1767 benevolo
860 1742 1019 1767 munere
1039 1735 1179 1766 tantam
1202 1729 1343 1778 ingenii
1366 1730 1449 1765 vim
1471 1735 1509 1765 ct
1530 1730 1754 1766 celeritatem
1774 1743 1882 1767 acce-

175 1794 305 1839 ·perat3
340 1785 441 1835 quod
465 1792 592 1821 autem
615 1798 689 1822 non
714 1787 840 1822 solum
864 1799 907 1822 ea
930 1787 1013 1842 ipsa
1034 1785 1149 1830 vitia,
1173 1785 1215 1821 in
1238 1796 1334 1834 quae
1357 1784 1506 1825 fervida
1527 1786 1677 1834 ingenia
1699 1784 1880 1823 facillime

181 1845 408 1895 plerumque
427 1841 614 1888 feruntur,
640 1848 745 1878 caute
761 1842 933 1888 evitabat,
957 1841 1022 1878 sed
1046 1841 1159 1878 etiam
1181 1842 1352 1888 virtutes,
1378 1853 1469 1891 quas
1486 1853 1575 1878 cum
1589 1854 1724 1891 magna
1739 1842 1881 1891 ingenii

181 1901 382 1937 vivacitate
414 1905 449 1935 et
472 1898 646 1946 flagranti
669 1898 787 1934 animi
810 1898 988 1947 cupidine
1011 1898 1135 1934 rarius
1159 1898 1373 1944 conjunctas
1398 1909 1478 1933 esse
1500 1897 1690 1943 dolemus,
1718 1897 1880 1946 diligen-

180 1956 328 1992 tissime
357 1954 519 2000 colebat,
558 1953 612 1999 id,
651 1953 798 1989 etiamsi
827 1954 994 2001 aliquam
1025 1960 1170 2001 partem
1200 1953 1321 1988 bonae
1350 1952 1490 1998 indoli,
1519 1958 1645 1993 tamen
1673 1953 1880 2001 plurimam

180 2017 329 2061 partem
359 2010 483 2058 potius
517 2008 751 2045 obedientiae
780 2008 1489 2058 instimtionibuspau-iisapraestitae,
1520 2008 1724 2054 voluntati,
1755 2009 1880 2046 mulio

177 2073 232 2103 -ac'
257 2077 373 2102 curae
412 2064 549 2101 debuit.
614 2064 731 2112 Quod
761 2064 929 2100 studium
963 2075 1081 2112 qurum
1100 2077 1159 2101 -eo
1170 2063 1315 2100 ”aetius
1346 2076 1429 2100 esse
1457 2062 1624 2109 deberet,
1665 2075 1741 2112 quo
1763 2065 1880 2114 ‘plura

179 2129 328 2173 praeter
359 2120 559 2157 inoen'm-es
584 2121 700 2157 animi
723 2127 849 2156 motus
873 2119 994 2155 etiam
1009 2120 1239 2157 extrinsecus
1254 2120 1299 2156 :ei
1318 2125 1388 2156 aut
1410 2118 1676 2166 impedimenta
1693 2118 1880 2159 v'irtmm

184 2178 447 2223 offerebantur,
472 2182 539 2212 aut
555 2177 852 2224 corruptelarum
864 2175 1062 2212 illecebrae
1076 2173 1406 2220 eum'iroetisb'ant,
1425 2174 1506 2210 laus
1522 2174 1587 2211 illa
1599 2175 1750 2211 mirum-
1760 2186 1880 2224 quan-

182 2242 265 2270 tum
281 2240 447 2282 augetur.
477 2233 633 2280 -Quum
657 2232 758 2267 enim
782 2245 869 2267 cum
892 2244 1023 2268 rerum
1044 2232 1265 2279 graviorum
1286 2229 1533 2279 gerendarum
1556 2229 1758 2278 cupiditate
1779 2231 1880 2268 nihil

182 2290 331 2327 facilius
363 2289 605 2336 conjunctum
629 2287 863 2335 inveniatur,
900 2299 1014 2337 quam
1036 2287 1322 2337 intemperantia
1347 2285 1527 2335 quaedam
1549 2285 1668 2323 animi
1691 2291 1728 2323 et
1748 2285 1880 2324 libidi-
