2042 2662
158 276 328 326 plendos,
352 274 484 311 eadem
508 274 704 324 aptissima
727 285 808 311 esse
830 272 1046 321 videantur,
1075 287 1174 323 quse
1198 276 1281 312 Vos
1305 274 1353 311 ad
1376 275 1474 311 hane
1496 276 1605 323 longe
1627 274 1828 311 laefioem
1842 282 1880 311 et

164 331 422 369 honestiorem
443 342 611 380 pugnam
634 329 747 368 firmo
770 329 900 367 animo
924 335 963 366 et
985 330 1113 367 stabili
1138 330 1277 368 fiducia
1299 329 1503 367 ineundam
1533 330 1693 367 incitare
1721 329 1881 379 possint.

255 388 417 424 Prorsus
441 387 545 422 enim
568 386 702 423 eodem
725 386 840 424 modo
863 386 1037 436 primum
1059 387 1145 425 Vos
1170 399 1322 436 quoque
1344 393 1457 437 puto,
1488 392 1525 423 et
1545 386 1691 423 virium
1714 386 1876 424 vesu-a-

158 455 249 480 rum
270 449 382 491 atque
405 441 648 489 facultatum,
676 450 713 480 et
735 444 895 481 Vestrae
918 441 1134 491 diligentiae
1157 455 1202 479 ac
1223 442 1340 480 studii
1363 442 1554 489 conscios,
1578 442 1675 478 laeta
1695 454 1784 479 cum
1806 453 1874 491 spe

161 500 258 535 hanc
279 510 446 547 pugnam
469 498 632 535 inituros
656 512 747 536 esse.
795 498 966 543 Deinde,
997 499 1118 547 q'uum
1141 499 1227 536 Vos
1260 505 1297 535 et
1327 498 1771 536 laudisstudiosissimos
1793 509 1875 534 esse

160 554 261 590 mihi
282 566 509 602 persuasum
532 555 600 600 sit,
632 561 668 591 et
689 555 786 591 bene
809 554 1185 602 cognitum—habeam
1207 560 1356 601 gratum
1376 554 1561 592 Vestrum
1583 566 1626 589 ac
1650 553 1877 589 benevolum

162 611 204 646 in
225 621 295 645 nos
320 609 506 655 animum,
525 609 593 657 qui
615 622 692 646 non
707 610 882 659 patietur,
891 616 934 645 ut
948 621 1019 645 nos
1037 608 1181 657 optima
1197 620 1266 657 spe
1284 609 1459 646 inVobis
1474 609 1684 658 positauna
1697 606 1876 644 inrefal-

162 666 301 711 lamur,
311 677 429 714 aeque
436 677 479 700 ac
489 665 615 714 Cyrus
625 677 693 714 ego
702 677 854 714 quoque
865 664 1026 711 confido,
1036 665 1120 703 Vos
1134 664 1303 701 maxima
1317 676 1404 700 cum
1418 664 1563 702 virium
1577 665 1770 714 animique
1785 675 1880 700 con-

162 721 330 757 tentione
350 721 503 757 uisuros
529 733 623 767 esse,
644 728 687 756 ut
701 720 854 757 laudem
876 721 1065 758 mereatis.
1112 722 1309 759 Postremo
1332 726 1471 766 autem,
1496 734 1616 769 quum
1633 722 1759 770 Cyrus
1784 732 1896 756 con--

163 775 300 822 tendat,
323 775 436 811 duces
462 776 711 812 certissimam
733 776 908 826 prosperi
932 788 1128 812 successus
1153 787 1260 824 spem
1275 776 1474 825 concipere
1489 788 1601 826 posse
1616 788 1664 812 ex
1677 788 1735 821 eo,
1759 774 1874 824 quod,

165 831 486 880 quemadmodum
510 833 654 868 nullam
678 832 834 868 omnino
859 845 942 868 rem
964 832 1117 881 adgredi
1131 831 1263 868 solitus
1287 832 1338 867 sit
1358 844 1542 880 unquam,
1565 832 1642 868 nisi
1666 831 1728 867 dei
1751 832 1875 868 oonsi-

163 888 217 924 lio
240 894 348 922 antea
371 888 566 935 explorato
591 894 627 924 et
650 888 796 924 auxilio
819 888 1036 937 implorato,
1059 889 1113 923 ita
1134 888 1232 923 hanc
1248 898 1400 934 quoque
1421 887 1702 936 expeditionem
1723 887 1878 925 nonnisi

163 954 206 978 re
230 941 362 978 divina
385 942 458 978 rite
481 941 579 979 facta
609 942 819 992 susceperit
840 955 885 980 ac
906 943 1117 993 paraverit,
1139 941 1252 978 facile
1275 941 1511 990 intelligetis,
1535 942 1639 987 Vos,
1664 943 1785 991 quum
1815 953 1880 977 ea-

167 997 254 1034 dem
277 998 328 1034 sit
348 1004 478 1035 nostra
500 999 565 1049 pia
588 998 835 1044 consuetudo,
858 999 901 1035 in
924 998 1054 1035 eadem
1078 1011 1122 1035 re
1144 1010 1334 1033 summam
1358 998 1542 1034 collocare
1556 1011 1665 1047 posse
1688 997 1883 1035 fiduciam.

169 1053 508 1101 Quemadmodum
529 1055 632 1090 enim
649 1055 696 1090 ad
717 1054 884 1102 primam
902 1054 1200 1099 uniuscujusque
1217 1052 1295 1088 diei
1317 1052 1452 1088 horam
1472 1053 1604 1088 eodem
1622 1053 1695 1089 hoc
1711 1054 1795 1089 loco
1813 1066 1877 1089 so·

166 1108 271 1145 lenni
283 1109 462 1144 carminis
475 1108 573 1145 sacri
590 1115 699 1145 cantu
712 1115 748 1144 et
760 1107 938 1157 precibus
954 1119 1020 1143 ore
1033 1106 1142 1143 factis
1155 1107 1272 1143 animi
1288 1107 1408 1144 nostri
1422 1108 1508 1157 pios
1520 1121 1651 1144 sensus
1665 1108 1878 1158 prodimus,

165 1165 329 1213 Deoque
353 1165 497 1214 optimo
522 1171 558 1201 et
581 1177 732 1201 summo
756 1164 932 1200 omnium
954 1164 1174 1199 mortalium
1196 1164 1296 1212 patri
1317 1164 1456 1211 gratias
1478 1165 1647 1212 agimus,
1683 1164 1784 1213 quod
1807 1178 1877 1201 nos

168 1227 319 1256 cunctos
353 1233 375 1255 a
406 1221 649 1256 tenebrarum
681 1220 863 1269 periculis
895 1219 1058 1266 benigne
1088 1219 1205 1255 tuitus
1236 1219 1305 1264 sit,
1339 1218 1577 1268 eundemque
1607 1232 1806 1268 rogamus,
1836 1227 1879 1256 ut

169 1289 322 1312 omnem
354 1275 572 1311 studiorum
599 1283 820 1311 nostrorum
843 1275 1030 1311 rationem
1053 1273 1248 1310 fortunare
1271 1280 1308 1310 et
1330 1275 1512 1323 cujusque
1532 1275 1686 1311 virtutis
1709 1276 1878 1313 studium

168 1331 272 1367 felici
296 1344 472 1366 successu
498 1332 591 1366 velit
622 1343 778 1378 augete,
811 1330 864 1365 ita
888 1330 1003 1364 etiam
1034 1329 1218 1374 hodierno
1249 1329 1312 1365 die
1334 1330 1447 1375 hujus
1469 1330 1700 1367 solennitatis
1722 1331 1877 1367 initium
1927 1333 1929 1335 ’

168 1387 240 1424 rite
265 1399 287 1422 a
313 1388 395 1423 Deo
418 1385 600 1431 fecimus,
626 1397 740 1434 quem
763 1385 907 1433 integra
935 1390 1062 1420 mente
1084 1385 1260 1421 venerari
1284 1384 1461 1434 quamvis
1484 1390 1660 1432 aetatem,
1689 1386 1880 1435 puerilem-

171 1450 207 1478 et
229 1443 436 1489 juvenilem
462 1454 590 1489 aeque
605 1455 649 1477 ac
679 1441 834 1477 virilem
865 1446 902 1475 et
930 1439 1109 1485 senilem,
1140 1441 1313 1477 maxime
1333 1440 1449 1477 decet.
1498 1441 1630 1488 Quare
1649 1442 1879 1479 laudabilem

170 1499 268 1536 hanc
292 1496 603 1533 consuetudinem
625 1503 668 1533 ut
690 1496 796 1532 nullo
820 1506 990 1543 unquam
1006 1501 1176 1544 tempore
1196 1495 1464 1557 intermittatis,
1485 1508 1559 1545 pro
1580 1508 1667 1534 meo
1691 1509 1779 1547 erga
1793 1498 1878 1536 Vos

172 1567 303 1591 amoie
324 1555 465 1590 iterum
488 1559 599 1600 atque
621 1553 761 1589 iterum
784 1557 932 1599 rogatos
955 1551 1040 1588 Vos
1063 1552 1165 1588 volo.

266 1610 444 1674 Denique
466 1609 575 1646 Deus
600 1608 652 1653 Ο.
666 1608 723 1646 Μ.
747 1606 856 1651 faxit,
880 1613 923 1642 ut
946 1618 997 1642 ex
1018 1606 1092 1642 hoc
1114 1606 1328 1653 certamine,
1350 1606 1393 1642 in
1418 1605 1554 1655 quod
1540 1619 1618 1655 jam
1642 1607 1879 1657 descenditis,

172 1666 315 1714 insigni
344 1662 458 1701 laude
480 1666 580 1701 aucti
604 1677 650 1701 ac
670 1662 881 1702 honorifico
903 1662 1022 1699 studii
1042 1661 1218 1711 frugiferi
1241 1662 1413 1712 praemio
1437 1663 1560 1699 ornati
1582 1663 1801 1711 discedatis,
1832 1678 1881 1702 ex

172 1733 295 1770 eaque
315 1733 359 1756 re
382 1721 424 1756 in
449 1733 561 1756 omno
583 1719 757 1758 futurum
781 1725 929 1769 tempus
952 1718 1156 1767 acquiratis
1177 1730 1323 1755 novum
1345 1718 1469 1756 omnis
1492 1712 1880 1771 scientiae'omnisque

171 1777 325 1814 virtuti-s
348 1776 645 1814 incitamentum.
